time,type,ltp,volume,oi,ltq,atp,total_buy_qty,total_sell_qty,open,high,low,close,bid_price_1,bid_qty_1,bid_orders_1,ask_price_1,ask_qty_1,ask_orders_1,bid_price_2,bid_qty_2,ask_price_2,ask_qty_2,bid_price_3,bid_qty_3,ask_price_3,ask_qty_3,bid_price_4,bid_qty_4,ask_price_4,ask_qty_4,bid_price_5,bid_qty_5,ask_price_5,ask_qty_5
2025-12-29 12:47:02.553384,full,25974.900390625,3333675,11148150,75,26024.109375,309225,421350,26080.0,26100.19921875,25972.400390625,26060.19921875,25974.80078125,525,7,25980.0,300,3,25974.69921875,600,25980.900390625,600,25974.599609375,2100,25981.0,75,25974.5,2475,25981.400390625,600,25974.400390625,2250,25981.5,75
2025-12-29 12:47:02.555390,oi,,,11148150,,,,,,,,,,,,,,,,,,,,,,,,,,,,,,
2025-12-29 12:47:02.881446,full,25974.900390625,3333675,11148150,75,26024.109375,309075,421350,26080.0,26100.19921875,25972.400390625,26060.19921875,25974.80078125,300,4,25980.0,300,3,25974.69921875,675,25980.900390625,600,25974.599609375,2100,25981.0,75,25974.5,2550,25981.400390625,600,25974.400390625,2250,25981.5,75
2025-12-29 12:47:03.977675,full,25980.0,3333750,11148150,75,26024.109375,309150,421500,26080.0,26100.19921875,25972.400390625,26060.19921875,25974.80078125,150,2,25980.0,225,2,25974.69921875,825,25980.900390625,600,25974.599609375,2175,25981.0,75,25974.5,2550,25981.400390625,600,25974.400390625,2925,25981.5,75
2025-12-29 12:47:04.674774,full,25980.0,3333825,11148150,75,26024.109375,308700,419175,26080.0,26100.19921875,25972.400390625,26060.19921875,25974.80078125,150,2,25980.0,150,2,25974.69921875,825,25980.900390625,600,25974.599609375,2100,25981.0,75,25974.5,2700,25981.400390625,600,25974.400390625,2700,25981.5,75
2025-12-29 12:47:05.574114,full,25980.0,3333825,11148150,75,26024.109375,308325,419475,26080.0,26100.19921875,25972.400390625,26060.19921875,25974.80078125,150,2,25980.0,150,2,25974.69921875,975,25980.900390625,600,25974.599609375,2100,25981.0,75,25974.5,2700,25981.400390625,600,25974.400390625,2625,25981.5,75
2025-12-29 12:47:06.281102,full,25980.0,3333825,11148150,75,26024.109375,303150,419925,26080.0,26100.19921875,25972.400390625,26060.19921875,25975.0,75,1,25980.0,150,2,25974.80078125,150,25980.5,75,25974.69921875,900,25980.900390625,600,25974.599609375,2025,25981.0,75,25974.5,2100,25981.80078125,600
2025-12-29 12:47:07.372181,full,25980.0,3333825,11148150,75,26024.109375,297825,419475,26080.0,26100.19921875,25972.400390625,26060.19921875,25975.0,375,5,25977.80078125,75,1,25974.80078125,75,25980.0,150,25974.69921875,375,25980.400390625,600,25974.599609375,900,25980.5,75,25974.5,2100,25980.900390625,600
2025-12-29 12:47:07.889825,full,25977.80078125,3333900,11154825,75,26024.099609375,301875,420600,26080.0,26100.19921875,25972.400390625,26060.19921875,25975.099609375,300,4,25977.80078125,75,1,25974.900390625,150,25980.0,150,25974.80078125,225,25980.400390625,600,25974.69921875,300,25980.5,75,25974.599609375,1725,25980.900390625,600
2025-12-29 12:47:08.983174,full,25978.599609375,3334275,11154825,75,26024.099609375,303900,420675,26080.0,26100.19921875,25972.400390625,26060.19921875,25974.80078125,75,1,25978.599609375,75,1,25974.69921875,300,25980.0,450,25974.599609375,1950,25980.400390625,600,25974.5,2025,25980.5,75,25974.400390625,3150,25980.900390625,600
2025-12-29 12:47:09.679802,full,25977.80078125,3334350,11154825,75,26024.099609375,303975,419850,26080.0,26100.19921875,25972.400390625,26060.19921875,25974.80078125,75,1,25978.599609375,75,1,25974.69921875,300,25980.0,450,25974.599609375,1950,25980.900390625,600,25974.5,2175,25981.0,75,25974.400390625,3075,25981.19921875,600
2025-12-29 12:47:10.582431,full,25977.80078125,3334350,11154825,75,26024.099609375,305925,419175,26080.0,26100.19921875,25972.400390625,26060.19921875,25974.80078125,150,2,25978.599609375,75,1,25974.69921875,450,25980.0,450,25974.599609375,2100,25980.900390625,600,25974.5,2475,25981.0,75,25974.400390625,3150,25981.19921875,600
2025-12-29 12:47:11.281174,full,25974.900390625,3334425,11154825,75,26024.099609375,308025,418725,26080.0,26100.19921875,25972.400390625,26060.19921875,25974.80078125,525,7,25978.599609375,75,1,25974.69921875,1200,25980.0,450,25974.599609375,1875,25980.900390625,600,25974.5,2925,25981.0,75,25974.400390625,2850,25981.19921875,600
2025-12-29 12:47:12.189013,full,25974.900390625,3334425,11154825,75,26024.099609375,302550,420225,26080.0,26100.19921875,25972.400390625,26060.19921875,25974.80078125,225,2,25978.80078125,75,1,25974.69921875,150,25980.0,450,25974.599609375,1725,25980.900390625,600,25974.5,2175,25981.0,75,25974.400390625,2625,25981.19921875,600
2025-12-29 12:47:12.889371,full,25978.80078125,3334500,11154825,75,26024.099609375,306975,420150,26080.0,26100.19921875,25972.400390625,26060.19921875,25974.80078125,225,2,25978.80078125,75,1,25974.69921875,150,25980.0,450,25974.599609375,1800,25980.900390625,600,25974.5,2025,25981.0,75,25974.400390625,2775,25981.400390625,600
2025-12-29 12:47:13.991486,full,25978.80078125,3334500,11154825,75,26024.099609375,304425,420825,26080.0,26100.19921875,25972.400390625,26060.19921875,25975.0,225,2,25978.80078125,75,1,25974.80078125,75,25980.0,450,25974.69921875,150,25980.900390625,600,25974.599609375,1800,25981.0,75,25974.5,1875,25981.400390625,600
2025-12-29 12:47:14.494406,full,25978.80078125,3334500,11154825,75,26024.099609375,293550,422550,26080.0,26100.19921875,25972.400390625,26060.19921875,25975.0,225,2,25978.80078125,75,1,25974.599609375,225,25980.0,450,25974.5,900,25980.900390625,600,25974.400390625,675,25981.0,75,25974.30078125,450,25981.400390625,600
2025-12-29 12:47:15.597353,full,25978.80078125,3334575,11154825,75,26024.099609375,297900,423000,26080.0,26100.19921875,25972.400390625,26060.19921875,25975.0,825,2,25979.400390625,75,1,25974.599609375,150,25980.0,450,25974.5,450,25980.900390625,600,25974.400390625,675,25981.0,75,25974.30078125,525,25981.400390625,600
2025-12-29 12:47:16.304093,full,25978.80078125,3334575,11154825,75,26024.099609375,297750,423450,26080.0,26100.19921875,25972.400390625,26060.19921875,25975.0,825,2,25979.400390625,75,1,25974.599609375,150,25980.0,450,25974.5,375,25980.900390625,600,25974.400390625,600,25981.0,75,25974.30078125,375,25981.599609375,600
2025-12-29 12:47:17.189106,full,25978.599609375,3334650,11154825,75,26024.08984375,295650,425100,26080.0,26100.19921875,25972.400390625,26060.19921875,25975.0,825,2,25979.400390625,75,1,25974.599609375,150,25980.0,450,25974.5,375,25980.900390625,600,25974.30078125,225,25981.0,75,25974.19921875,75,25981.599609375,600
2025-12-29 12:47:17.906212,full,25979.400390625,3335025,11154825,75,26024.08984375,295350,425100,26080.0,26100.19921875,25972.400390625,26060.19921875,25975.099609375,150,2,25979.400390625,75,1,25975.0,825,25980.0,450,25974.599609375,150,25980.900390625,600,25974.5,375,25981.0,75,25974.30078125,225,25981.5,600
2025-12-29 12:47:18.995169,full,25979.400390625,3335025,11154825,75,26024.08984375,297900,423375,26080.0,26100.19921875,25972.400390625,26060.19921875,25975.099609375,150,2,25978.30078125,75,1,25975.0,825,25978.599609375,75,25974.599609375,150,25980.0,450,25974.30078125,225,25980.900390625,600,25974.19921875,675,25981.0,75
2025-12-29 12:47:19.496513,full,25979.400390625,3335025,11154825,75,26024.08984375,298425,421950,26080.0,26100.19921875,25972.400390625,26060.19921875,25975.099609375,225,3,25978.30078125,75,1,25975.0,825,25978.599609375,75,25974.599609375,150,25980.0,450,25974.30078125,525,25981.0,75,25974.19921875,675,25981.19921875,600
2025-12-29 12:47:20.593620,full,25978.30078125,3335250,11154825,75,26024.08984375,298125,422100,26080.0,26100.19921875,25972.400390625,26060.19921875,25976.0,75,1,25978.30078125,75,1,25975.099609375,225,25978.599609375,75,25975.0,825,25980.0,450,25974.599609375,150,25980.900390625,600,25974.5,300,25981.0,75
2025-12-29 12:47:21.308180,full,25978.30078125,3335250,11154825,75,26024.08984375,294150,423225,26080.0,26100.19921875,25972.400390625,26060.19921875,25976.0,150,2,25978.30078125,75,1,25975.099609375,150,25978.599609375,75,25975.0,825,25980.0,450,25974.599609375,150,25980.900390625,600,25974.5,150,25981.0,75
2025-12-29 12:47:22.192970,full,25980.0,3335550,11154825,75,26024.080078125,291375,423375,26080.0,26100.19921875,25972.400390625,26060.19921875,25976.099609375,75,1,25978.5,75,1,25976.0,150,25980.0,375,25975.0,825,25980.900390625,600,25974.599609375,150,25981.0,75,25974.400390625,75,25981.19921875,600
2025-12-29 12:47:22.914415,full,25978.5,3335625,11154825,75,26024.080078125,294225,423450,26080.0,26100.19921875,25972.400390625,26060.19921875,25976.099609375,75,1,25979.099609375,75,1,25976.0,75,25980.0,375,25975.0,825,25980.900390625,600,25974.599609375,150,25981.0,75,25974.400390625,75,25981.099609375,600
2025-12-29 12:47:23.807790,full,25978.5,3335625,11154825,75,26024.080078125,294225,423075,26080.0,26100.19921875,25972.400390625,26060.19921875,25976.099609375,75,1,25979.099609375,75,1,25976.0,75,25980.0,375,25975.0,825,25980.900390625,600,25974.599609375,150,25981.0,75,25974.400390625,75,25981.099609375,600
2025-12-29 12:47:24.515792,full,25978.5,3335625,11154825,75,26024.080078125,294300,424125,26080.0,26100.19921875,25972.400390625,26060.19921875,25976.099609375,75,1,25979.099609375,75,1,25976.0,75,25980.0,375,25975.0,825,25980.900390625,600,25974.599609375,150,25981.0,75,25974.400390625,75,25981.599609375,600
2025-12-29 12:47:25.401620,full,25978.5,3335625,11154825,75,26024.080078125,292950,424275,26080.0,26100.19921875,25972.400390625,26060.19921875,25976.099609375,75,1,25979.099609375,75,1,25976.0,75,25980.0,375,25975.0,825,25981.0,75,25974.599609375,150,25981.599609375,600,25974.400390625,75,25981.69921875,675
2025-12-29 12:47:26.105787,full,25978.5,3335625,11154825,75,26024.080078125,295650,423075,26080.0,26100.19921875,25972.400390625,26060.19921875,25976.099609375,75,1,25979.099609375,75,1,25976.0,75,25980.0,375,25975.0,825,25980.900390625,600,25974.599609375,150,25981.0,75,25974.400390625,75,25981.599609375,600
2025-12-29 12:47:27.209811,full,25978.5,3335625,11154825,75,26024.080078125,295125,423300,26080.0,26100.19921875,25972.400390625,26060.19921875,25976.099609375,150,2,25979.099609375,75,1,25976.0,75,25980.0,375,25975.0,1125,25980.900390625,600,25974.599609375,150,25981.0,75,25974.400390625,75,25981.599609375,600
2025-12-29 12:47:27.720690,full,25978.5,3335625,11154825,75,26024.080078125,296100,422775,26080.0,26100.19921875,25972.400390625,26060.19921875,25976.099609375,150,2,25979.099609375,75,1,25976.0,75,25980.0,375,25975.0,1125,25981.0,75,25974.599609375,150,25981.599609375,600,25974.5,150,25981.69921875,675
2025-12-29 12:47:28.810225,full,25976.19921875,3335775,11154825,75,26024.080078125,298050,422100,26080.0,26100.19921875,25972.400390625,26060.19921875,25976.0,75,1,25977.900390625,75,1,25975.0,1125,25980.0,375,25974.900390625,300,25981.0,75,25974.69921875,525,25981.69921875,600,25974.599609375,525,25981.80078125,675
2025-12-29 12:47:29.320512,full,25976.0,3335850,11154825,75,26024.080078125,293025,423075,26080.0,26100.19921875,25972.400390625,26060.19921875,25975.0,1125,3,25977.19921875,75,1,25974.69921875,375,25980.0,375,25974.599609375,150,25980.599609375,75,25974.5,450,25980.900390625,600,25974.400390625,375,25981.0,75
2025-12-29 12:47:30.417574,full,25978.30078125,3336450,11154825,75,26024.0703125,268950,422925,26080.0,26100.19921875,25972.400390625,26060.19921875,25975.099609375,150,2,25980.0,600,5,25975.0,1125,25980.5,600,25974.599609375,150,25980.599609375,75,25974.400390625,75,25980.900390625,600,25974.19921875,450,25981.0,75
2025-12-29 12:47:30.922419,full,25975.099609375,3336525,11154825,75,26024.0703125,288000,422700,26080.0,26100.19921875,25972.400390625,26060.19921875,25975.099609375,75,1,25979.599609375,75,1,25975.0,1125,25980.0,375,25974.599609375,150,25980.900390625,600,25974.400390625,75,25981.0,75,25974.19921875,450,25981.099609375,600
2025-12-29 12:47:32.218076,full,25975.099609375,3336600,11154825,75,26024.0703125,295800,421500,26080.0,26100.19921875,25972.400390625,26060.19921875,25975.0,1125,3,25976.900390625,75,1,25974.599609375,150,25979.599609375,75,25974.400390625,300,25980.0,450,25974.19921875,450,25980.900390625,600,25974.099609375,900,25981.0,75
2025-12-29 12:47:32.723716,full,25975.099609375,3336600,11154825,75,26024.0703125,298125,422325,26080.0,26100.19921875,25972.400390625,26060.19921875,25975.0,1125,3,25976.900390625,75,1,25974.599609375,150,25979.599609375,75,25974.30078125,300,25980.0,450,25974.19921875,450,25980.900390625,600,25974.099609375,675,25981.0,75
2025-12-29 12:47:33.822796,full,25975.099609375,3336600,11154825,75,26024.0703125,301725,419550,26080.0,26100.19921875,25972.400390625,26060.19921875,25975.0,1125,3,25976.900390625,75,1,25974.69921875,300,25979.599609375,75,25974.599609375,150,25980.0,450,25974.5,150,25980.900390625,600,25974.400390625,300,25981.0,75
2025-12-29 12:47:34.328898,full,25975.099609375,3336600,11154825,75,26024.0703125,301350,420375,26080.0,26100.19921875,25972.400390625,26060.19921875,25975.0,1125,3,25976.900390625,75,1,25974.69921875,300,25979.599609375,75,25974.599609375,150,25980.0,450,25974.5,150,25980.900390625,600,25974.400390625,375,25981.0,75
2025-12-29 12:47:35.426118,full,25975.0,3336825,11154825,75,26024.060546875,301950,420600,26080.0,26100.19921875,25972.400390625,26060.19921875,25975.30078125,75,1,25979.599609375,75,1,25975.0,1125,25980.0,450,25974.599609375,525,25980.900390625,600,25974.5,375,25981.0,75,25974.400390625,750,25981.599609375,600
2025-12-29 12:47:35.931683,full,25975.0,3336825,11154825,75,26024.060546875,302550,420750,26080.0,26100.19921875,25972.400390625,26060.19921875,25975.30078125,75,1,25979.599609375,75,1,25975.0,1125,25980.0,450,25974.80078125,375,25980.900390625,600,25974.599609375,525,25981.0,75,25974.5,1050,25981.69921875,600
2025-12-29 12:47:37.232517,full,25979.599609375,3337050,11154825,75,26024.060546875,303525,420825,26080.0,26100.19921875,25972.400390625,26060.19921875,25975.0,1050,3,25979.599609375,75,1,25974.80078125,525,25980.0,450,25974.69921875,225,25980.900390625,600,25974.599609375,750,25981.0,75,25974.5,1125,25981.80078125,600
2025-12-29 12:47:37.528630,full,25979.599609375,3337050,11154825,75,26024.060546875,303150,420375,26080.0,26100.19921875,25972.400390625,26060.19921875,25975.0,1050,3,25979.599609375,75,1,25974.80078125,525,25980.0,450,25974.69921875,225,25980.900390625,600,25974.599609375,750,25981.0,75,25974.5,1125,25981.80078125,600
2025-12-29 12:47:38.820461,full,25979.599609375,3337125,11154825,75,26024.060546875,302775,420825,26080.0,26100.19921875,25972.400390625,26060.19921875,25975.0,900,2,25980.0,450,3,25974.900390625,150,25980.900390625,600,25974.80078125,525,25981.0,75,25974.69921875,525,25981.80078125,600,25974.599609375,1275,25981.900390625,375
2025-12-29 12:47:39.321198,full,25975.0,3337200,11154825,75,26024.060546875,302475,420525,26080.0,26100.19921875,25972.400390625,26060.19921875,25975.0,900,3,25980.0,450,3,25974.900390625,150,25980.900390625,600,25974.80078125,450,25981.0,75,25974.69921875,225,25981.80078125,600,25974.599609375,1875,25981.900390625,375
2025-12-29 12:47:40.428849,full,25980.0,3337275,11154825,75,26024.060546875,294750,423600,26080.0,26100.19921875,25972.400390625,26060.19921875,25975.099609375,300,1,25980.0,375,2,25975.0,600,25980.900390625,600,25974.69921875,75,25981.0,75,25974.599609375,675,25981.80078125,600,25974.5,1200,25981.900390625,375
2025-12-29 12:47:40.936904,full,25980.0,3337275,11154825,75,26024.060546875,298650,423600,26080.0,26100.19921875,25972.400390625,26060.19921875,25975.099609375,300,1,25980.0,375,2,25975.0,600,25980.900390625,600,25974.599609375,900,25981.0,75,25974.5,1125,25981.80078125,600,25974.400390625,1500,25981.900390625,375
2025-12-29 12:47:42.028299,full,25980.0,3337275,11154825,75,26024.060546875,300375,423600,26080.0,26100.19921875,25972.400390625,26060.19921875,25975.099609375,300,1,25977.19921875,75,1,25975.0,600,25980.0,375,25974.69921875,300,25980.900390625,600,25974.599609375,900,25981.0,75,25974.5,1275,25981.80078125,600
2025-12-29 12:47:42.540916,full,25980.0,3337275,11154825,75,26024.060546875,299850,423750,26080.0,26100.19921875,25972.400390625,26060.19921875,25975.099609375,375,2,25977.30078125,75,1,25975.0,600,25980.0,375,25974.69921875,300,25980.900390625,600,25974.599609375,900,25981.0,75,25974.5,1275,25981.80078125,600
2025-12-29 12:47:43.836831,full,25977.30078125,3337500,11154825,75,26024.05078125,300300,423225,26080.0,26100.19921875,25972.400390625,26060.19921875,25975.099609375,375,2,25977.599609375,75,1,25975.0,675,25980.0,375,25974.900390625,300,25980.900390625,600,25974.69921875,150,25981.0,75,25974.599609375,1275,25981.80078125,600
2025-12-29 12:47:44.334794,full,25977.30078125,3337500,11154825,75,26024.05078125,298575,423600,26080.0,26100.19921875,25972.400390625,26060.19921875,25975.099609375,375,2,25977.19921875,75,1,25975.0,675,25980.0,375,25974.80078125,300,25980.900390625,600,25974.69921875,75,25981.0,75,25974.599609375,675,25981.80078125,600
2025-12-29 12:47:45.433845,full,25975.099609375,3337800,11154825,300,26024.05078125,299325,420750,26080.0,26100.19921875,25972.400390625,26060.19921875,25975.099609375,75,1,25977.19921875,75,1,25975.0,675,25980.0,525,25974.900390625,300,25980.900390625,600,25974.69921875,450,25981.0,75,25974.599609375,750,25981.80078125,600
2025-12-29 12:47:45.935488,full,25975.099609375,3337800,11154825,300,26024.05078125,298800,420450,26080.0,26100.19921875,25972.400390625,26060.19921875,25975.099609375,75,1,25977.19921875,75,1,25975.0,675,25979.900390625,75,25974.900390625,300,25980.0,525,25974.69921875,525,25980.900390625,600,25974.599609375,675,25981.0,75
2025-12-29 12:47:47.042428,full,25977.19921875,3337950,11154825,75,26024.05078125,309075,420300,26080.0,26100.19921875,25972.400390625,26060.19921875,25975.30078125,150,1,25979.900390625,75,1,25975.099609375,375,25980.0,675,25975.0,675,25981.0,75,25974.900390625,150,25981.80078125,600,25974.80078125,300,25981.900390625,675
2025-12-29 12:47:47.534469,full,25977.19921875,3337950,11154825,75,26024.05078125,308250,420300,26080.0,26100.19921875,25972.400390625,26060.19921875,25975.30078125,150,1,25979.900390625,75,1,25975.099609375,375,25980.0,675,25975.0,675,25980.900390625,600,25974.80078125,150,25981.0,75,25974.69921875,1575,25981.80078125,600
2025-12-29 12:47:48.834782,full,25977.19921875,3337950,11154825,75,26024.05078125,307275,419925,26080.0,26100.19921875,25972.400390625,26060.19921875,25975.30078125,150,1,25979.900390625,75,1,25975.099609375,375,25980.0,675,25975.0,675,25980.900390625,600,25974.80078125,75,25981.0,75,25974.69921875,900,25981.80078125,600
2025-12-29 12:47:49.335875,full,25977.19921875,3337950,11154825,75,26024.05078125,307275,419850,26080.0,26100.19921875,25972.400390625,26060.19921875,25975.30078125,150,1,25979.900390625,75,1,25975.099609375,375,25980.0,675,25975.0,675,25980.900390625,600,25974.80078125,75,25981.0,75,25974.69921875,900,25981.80078125,600
2025-12-29 12:47:50.443826,full,25977.19921875,3337950,11154825,75,26024.05078125,307425,420000,26080.0,26100.19921875,25972.400390625,26060.19921875,25975.30078125,300,2,25979.900390625,75,1,25975.099609375,375,25980.0,675,25975.0,675,25980.900390625,600,25974.80078125,450,25981.0,75,25974.69921875,1200,25981.80078125,600
2025-12-29 12:47:50.946069,full,25977.19921875,3337950,11154825,75,26024.05078125,308025,420000,26080.0,26100.19921875,25972.400390625,26060.19921875,25975.30078125,300,2,25979.80078125,75,1,25975.099609375,375,25980.0,675,25975.0,675,25981.0,75,25974.900390625,150,25981.80078125,600,25974.80078125,525,25981.900390625,675
2025-12-29 12:47:52.047235,full,25980.0,3338100,11154825,75,26024.05078125,298650,419850,26080.0,26100.19921875,25972.400390625,26060.19921875,25975.30078125,300,2,25979.80078125,75,1,25975.099609375,375,25980.0,600,25975.0,825,25980.900390625,600,25974.900390625,225,25981.0,75,25974.80078125,375,25981.80078125,600
2025-12-29 12:47:52.552395,full,25980.0,3338100,11154825,75,26024.05078125,297825,420075,26080.0,26100.19921875,25972.400390625,26060.19921875,25975.30078125,300,2,25979.69921875,75,1,25975.099609375,375,25980.0,600,25975.0,675,25980.900390625,600,25974.900390625,225,25981.0,75,25974.80078125,300,25981.80078125,600
2025-12-29 12:47:53.649108,full,25980.0,3338475,11154825,75,26024.0390625,295950,420750,26080.0,26100.19921875,25972.400390625,26060.19921875,25976.0,300,2,25976.900390625,75,1,25975.30078125,150,25979.400390625,375,25975.0,675,25980.0,525,25974.900390625,150,25980.900390625,600,25974.80078125,300,25981.0,75
2025-12-29 12:47:54.353881,full,25979.400390625,3338625,11154825,75,26024.0390625,297075,421875,26080.0,26100.19921875,25972.400390625,26060.19921875,25975.30078125,150,1,25979.400390625,300,1,25975.0,675,25980.0,525,25974.599609375,600,25980.900390625,600,25974.5,1200,25981.0,75,25974.400390625,1050,25981.69921875,600
2025-12-29 12:47:55.451391,full,25976.5,3338850,11154825,75,26024.0390625,298725,422325,26080.0,26100.19921875,25972.400390625,26060.19921875,25975.30078125,150,1,25979.400390625,300,1,25975.0,675,25980.0,525,25974.599609375,750,25980.900390625,600,25974.5,1125,25981.0,75,25974.400390625,1050,25981.69921875,600
2025-12-29 12:47:55.955255,full,25979.400390625,3339075,11154825,150,26024.029296875,302550,414825,26080.0,26100.19921875,25972.400390625,26060.19921875,25975.30078125,75,1,25979.400390625,150,1,25975.0,675,25980.0,600,25974.900390625,75,25980.900390625,600,25974.80078125,225,25981.0,75,25974.69921875,225,25981.80078125,600
2025-12-29 12:47:57.052877,full,25977.19921875,3339450,11154825,75,26024.029296875,303375,420975,26080.0,26100.19921875,25972.400390625,26060.19921875,25975.0,450,3,25979.400390625,150,1,25974.900390625,150,25980.0,675,25974.80078125,225,25980.900390625,600,25974.69921875,1425,25981.0,75,25974.599609375,2400,25981.80078125,600
2025-12-29 12:47:57.555229,full,25977.19921875,3339450,11154825,75,26024.029296875,303600,420825,26080.0,26100.19921875,25972.400390625,26060.19921875,25975.0,450,3,25979.400390625,150,1,25974.900390625,150,25980.0,675,25974.80078125,375,25980.900390625,600,25974.69921875,1200,25981.0,75,25974.599609375,2400,25981.80078125,600
2025-12-29 12:47:58.652307,full,25977.19921875,3339450,11154825,75,26024.029296875,303450,420900,26080.0,26100.19921875,25972.400390625,26060.19921875,25975.0,525,4,25979.400390625,150,1,25974.900390625,150,25980.0,675,25974.80078125,225,25980.900390625,600,25974.69921875,1275,25981.0,75,25974.599609375,2250,25981.80078125,600
2025-12-29 12:47:59.164752,full,25977.19921875,3339450,11154825,75,26024.029296875,303150,420600,26080.0,26100.19921875,25972.400390625,26060.19921875,25975.0,525,4,25979.400390625,150,1,25974.900390625,150,25980.0,600,25974.80078125,150,25980.19921875,75,25974.69921875,1200,25980.900390625,600,25974.599609375,1875,25981.0,75
2025-12-29 12:48:00.461239,full,25979.400390625,3339675,11154825,150,26024.01953125,302250,420150,26080.0,26100.19921875,25972.400390625,26060.19921875,25975.0,450,4,25980.0,600,5,25974.900390625,150,25980.19921875,75,25974.80078125,225,25980.900390625,600,25974.69921875,1050,25981.0,75,25974.599609375,1950,25981.80078125,600
2025-12-29 12:48:00.954395,full,25979.400390625,3339675,11154825,150,26024.01953125,298650,420675,26080.0,26100.19921875,25972.400390625,26060.19921875,25975.0,450,4,25980.0,675,6,25974.900390625,150,25980.900390625,600,25974.80078125,75,25981.0,75,25974.69921875,1050,25981.80078125,600,25974.599609375,1800,25981.900390625,75
2025-12-29 12:48:02.053423,full,25980.0,3339750,11154825,75,26024.01953125,298500,420450,26080.0,26100.19921875,25972.400390625,26060.19921875,25975.0,375,3,25979.80078125,150,1,25974.900390625,150,25980.0,450,25974.80078125,225,25980.900390625,600,25974.69921875,900,25981.0,75,25974.599609375,2700,25981.80078125,600
2025-12-29 12:48:02.568304,full,25980.0,3339750,11154825,75,26024.01953125,299100,420300,26080.0,26100.19921875,25972.400390625,26060.19921875,25975.0,375,3,25979.80078125,150,1,25974.900390625,150,25980.0,450,25974.80078125,225,25980.900390625,600,25974.69921875,975,25981.0,75,25974.599609375,3000,25981.80078125,600
2025-12-29 12:48:03.654245,full,25980.0,3339750,11154825,75,26024.01953125,301425,419325,26080.0,26100.19921875,25972.400390625,26060.19921875,25975.0,525,4,25979.80078125,150,1,25974.900390625,150,25980.0,450,25974.80078125,525,25980.900390625,600,25974.69921875,1350,25981.0,75,25974.599609375,2475,25981.80078125,600
2025-12-29 12:48:04.169285,full,25977.599609375,3340725,11154825,75,26024.009765625,303150,419700,26080.0,26100.19921875,25972.400390625,26060.19921875,25975.0,525,4,25979.80078125,75,1,25974.900390625,225,25980.0,450,25974.80078125,675,25981.0,75,25974.69921875,1200,25981.80078125,600,25974.599609375,2700,25981.900390625,675
2025-12-29 12:48:05.263106,full,25977.599609375,3340725,11154825,75,26024.009765625,302550,419700,26080.0,26100.19921875,25972.400390625,26060.19921875,25975.0,525,4,25979.80078125,75,1,25974.900390625,225,25980.0,450,25974.80078125,450,25980.900390625,600,25974.69921875,1350,25981.0,75,25974.599609375,2625,25981.80078125,600
2025-12-29 12:48:05.773827,full,25977.599609375,3340725,11154825,75,26024.009765625,301950,420075,26080.0,26100.19921875,25972.400390625,26060.19921875,25975.0,675,5,25979.80078125,75,1,25974.900390625,75,25979.900390625,75,25974.80078125,525,25980.0,450,25974.69921875,825,25980.900390625,600,25974.599609375,2625,25981.0,75
2025-12-29 12:48:06.866858,full,25977.0,3340950,11154825,75,26024.009765625,294900,422175,26080.0,26100.19921875,25972.400390625,26060.19921875,25975.0,525,4,25979.0,150,1,25974.80078125,75,25979.69921875,75,25974.69921875,300,25979.80078125,75,25974.599609375,450,25979.900390625,75,25974.5,825,25980.0,525
2025-12-29 12:48:07.368965,full,25977.0,3341100,11154825,75,26024.0,300000,421500,26080.0,26100.19921875,25972.400390625,26060.19921875,25975.0,525,4,25975.80078125,75,1,25974.80078125,75,25979.0,150,25974.69921875,150,25979.69921875,75,25974.599609375,450,25979.80078125,75,25974.5,1125,25979.900390625,75
2025-12-29 12:48:08.673359,full,25977.0,3341250,11154825,75,26024.0,297450,421050,26080.0,26100.19921875,25972.400390625,26060.19921875,25975.80078125,225,2,25979.0,150,1,25975.0,375,25979.69921875,75,25974.599609375,525,25979.80078125,75,25974.5,1050,25979.900390625,75,25974.400390625,600,25980.0,450
2025-12-29 12:48:09.175467,full,25975.80078125,3341325,11154825,75,26024.0,296775,420225,26080.0,26100.19921875,25972.400390625,26060.19921875,25975.80078125,150,1,25979.0,150,1,25975.0,375,25979.69921875,75,25974.69921875,150,25979.80078125,75,25974.599609375,525,25979.900390625,75,25974.5,1125,25980.0,375
2025-12-29 12:48:10.278020,full,25975.0,3341625,11154825,75,26024.0,300675,420375,26080.0,26100.19921875,25972.400390625,26060.19921875,25975.0,300,3,25979.80078125,75,1,25974.80078125,300,25979.900390625,75,25974.599609375,675,25980.0,375,25974.5,1650,25980.19921875,75,25974.400390625,1200,25980.900390625,600
2025-12-29 12:48:10.787162,full,25975.0,3341625,11154825,75,26024.0,301200,419100,26080.0,26100.19921875,25972.400390625,26060.19921875,25975.0,300,3,25979.80078125,75,1,25974.80078125,300,25979.900390625,75,25974.599609375,525,25980.0,375,25974.5,1800,25980.19921875,75,25974.400390625,1650,25980.900390625,600
2025-12-29 12:48:11.870998,full,25975.0,3341625,11154825,75,26024.0,300600,417525,26080.0,26100.19921875,25972.400390625,26060.19921875,25975.0,300,3,25979.80078125,75,1,25974.80078125,150,25979.900390625,75,25974.599609375,450,25980.0,375,25974.5,1725,25980.19921875,75,25974.400390625,1875,25980.900390625,600
2025-12-29 12:48:12.371003,full,25975.0,3341625,11154825,75,26024.0,302400,417075,26080.0,26100.19921875,25972.400390625,26060.19921875,25975.099609375,75,1,25976.5,75,1,25975.0,300,25979.80078125,75,25974.80078125,450,25979.900390625,75,25974.599609375,600,25980.0,375,25974.5,1800,25980.19921875,75
2025-12-29 12:48:13.673484,full,25976.5,3341700,11154825,75,26024.0,299475,417825,26080.0,26100.19921875,25972.400390625,26060.19921875,25975.099609375,75,1,25976.5,75,1,25975.0,300,25979.80078125,75,25974.900390625,75,25979.900390625,75,25974.80078125,450,25980.0,375,25974.599609375,450,25980.099609375,600
2025-12-29 12:48:14.174992,full,25977.099609375,3341850,11154825,75,26023.990234375,298350,418275,26080.0,26100.19921875,25972.400390625,26060.19921875,25975.099609375,75,1,25978.0,75,1,25975.0,300,25979.5,75,25974.80078125,150,25979.80078125,675,25974.599609375,450,25979.900390625,675,25974.5,1575,25980.0,375
2025-12-29 12:48:15.283998,full,25977.099609375,3341850,11154825,75,26023.990234375,294900,419100,26080.0,26100.19921875,25972.400390625,26060.19921875,25975.0,375,4,25978.0,75,1,25974.80078125,150,25979.5,75,25974.599609375,75,25979.80078125,675,25974.5,1575,25979.900390625,675,25974.400390625,900,25980.0,375
2025-12-29 12:48:15.787255,full,25978.0,3342000,11154825,75,26023.990234375,286725,422400,26080.0,26100.19921875,25972.400390625,26060.19921875,25975.0,375,4,25979.69921875,600,1,25974.5,75,25979.80078125,675,25974.099609375,900,25979.900390625,75,25974.0,1275,25980.0,375,25973.900390625,975,25980.30078125,75
2025-12-29 12:48:16.884413,full,25978.0,3342000,11154825,75,26023.990234375,293475,423150,26080.0,26100.19921875,25972.400390625,26060.19921875,25975.0,375,4,25979.69921875,600,1,25974.099609375,150,25979.80078125,675,25974.0,750,25979.900390625,75,25973.900390625,750,25980.0,375,25973.80078125,150,25980.30078125,75
2025-12-29 12:48:17.381521,full,25976.099609375,3342150,11154825,75,26023.990234375,291450,423225,26080.0,26100.19921875,25972.400390625,26060.19921875,25975.0,300,3,25979.69921875,600,2,25974.0,75,25979.80078125,675,25973.900390625,75,25979.900390625,150,25973.80078125,75,25980.0,375,25973.69921875,375,25981.0,600
2025-12-29 12:48:18.477140,full,25976.099609375,3342150,11154825,75,26023.990234375,296400,424200,26080.0,26100.19921875,25972.400390625,26060.19921875,25975.0,300,3,25979.69921875,600,2,25974.0,75,25979.80078125,675,25973.69921875,375,25979.900390625,150,25973.599609375,375,25980.0,375,25973.5,1125,25981.0,825
2025-12-29 12:48:19.179060,full,25976.099609375,3342150,11154825,75,26023.990234375,302925,420825,26080.0,26100.19921875,25972.400390625,26060.19921875,25975.0,300,3,25979.30078125,75,1,25974.0,225,25979.69921875,600,25973.900390625,450,25979.80078125,675,25973.80078125,900,25979.900390625,150,25973.69921875,1725,25980.0,375
2025-12-29 12:48:20.291427,full,25977.099609375,3342825,11154825,75,26023.98046875,303975,421800,26080.0,26100.19921875,25972.400390625,26060.19921875,25975.0,150,2,25976.900390625,75,1,25974.69921875,75,25979.30078125,75,25974.30078125,300,25979.80078125,75,25974.099609375,225,25979.900390625,750,25974.0,300,25980.0,375
2025-12-29 12:48:20.794103,full,25977.099609375,3342825,11154825,75,26023.98046875,302625,420150,26080.0,26100.19921875,25972.400390625,26060.19921875,25975.0,300,3,25976.900390625,75,1,25974.69921875,75,25979.80078125,75,25974.30078125,300,25979.900390625,225,25974.19921875,150,25980.0,450,25974.099609375,150,25980.900390625,600
2025-12-29 12:48:21.898666,full,25977.099609375,3342825,11154825,75,26023.98046875,302475,421425,26080.0,26100.19921875,25972.400390625,26060.19921875,25975.0,300,3,25976.900390625,75,1,25974.5,75,25979.69921875,600,25974.19921875,150,25979.80078125,675,25974.099609375,450,25979.900390625,225,25974.0,675,25980.0,450
2025-12-29 12:48:22.384353,full,25975.0,3342900,11154825,75,26023.98046875,300225,421800,26080.0,26100.19921875,25972.400390625,26060.19921875,25975.0,225,2,25979.69921875,600,1,25974.400390625,75,25979.80078125,675,25974.19921875,150,25979.900390625,225,25974.099609375,75,25980.0,450,25974.0,675,25981.0,75
2025-12-29 12:48:23.498593,full,25976.30078125,3343875,11154825,75,26023.9609375,296250,422625,26080.0,26100.19921875,25972.400390625,26060.19921875,25974.30078125,75,1,25979.69921875,600,1,25974.19921875,150,25979.80078125,675,25974.099609375,75,25979.900390625,225,25974.0,300,25980.0,450,25973.900390625,375,25981.0,75
2025-12-29 12:48:23.992654,full,25976.30078125,3343875,11154825,75,26023.9609375,291825,422850,26080.0,26100.19921875,25972.400390625,26060.19921875,25974.30078125,75,1,25979.5,75,1,25974.19921875,150,25979.69921875,600,25974.0,150,25979.80078125,675,25973.900390625,150,25979.900390625,150,25973.80078125,750,25980.0,450
2025-12-29 12:48:25.100153,full,25976.30078125,3344100,11154825,75,26023.9609375,295275,422400,26080.0,26100.19921875,25972.400390625,26060.19921875,25974.5,75,1,25976.30078125,75,1,25974.19921875,150,25979.400390625,600,25974.099609375,300,25979.5,75,25974.0,150,25979.69921875,600,25973.900390625,150,25979.80078125,75
2025-12-29 12:48:25.799964,full,25977.400390625,3344700,11154825,75,26023.94921875,299250,422400,26080.0,26100.19921875,25972.400390625,26060.19921875,25974.30078125,300,4,25977.400390625,75,1,25974.19921875,150,25979.30078125,75,25974.0,300,25979.69921875,600,25973.900390625,450,25979.80078125,675,25973.80078125,975,25979.900390625,150
2025-12-29 12:48:26.703661,full,25974.599609375,3345225,11154825,75,26023.94921875,298350,422475,26080.0,26100.19921875,25972.400390625,26060.19921875,25974.599609375,75,1,25979.30078125,75,1,25974.19921875,150,25979.69921875,600,25974.0,150,25979.80078125,675,25973.900390625,375,25979.900390625,150,25973.80078125,1125,25980.0,450
2025-12-29 12:48:27.398020,full,25974.599609375,3345225,11154825,75,26023.94921875,298650,423000,26080.0,26100.19921875,25972.400390625,26060.19921875,25974.599609375,75,1,25979.599609375,75,1,25974.19921875,150,25979.80078125,75,25974.0,300,25979.900390625,750,25973.900390625,375,25980.0,450,25973.80078125,1350,25980.900390625,600
2025-12-29 12:48:28.494655,full,25974.599609375,3345225,11154825,75,26023.94921875,300975,422100,26080.0,26100.19921875,25972.400390625,26060.19921875,25974.599609375,75,1,25979.599609375,75,1,25974.19921875,150,25979.80078125,675,25974.099609375,150,25979.900390625,750,25974.0,450,25980.0,450,25973.900390625,675,25981.0,75
2025-12-29 12:48:29.008631,full,25974.599609375,3345225,11154825,75,26023.94921875,301200,421800,26080.0,26100.19921875,25972.400390625,26060.19921875,25974.599609375,150,2,25979.599609375,75,1,25974.19921875,150,25979.80078125,75,25974.099609375,150,25979.900390625,750,25974.0,525,25980.0,450,25973.900390625,675,25980.900390625,600
2025-12-29 12:48:30.106547,full,25974.599609375,3345225,11154825,75,26023.94921875,300450,421800,26080.0,26100.19921875,25972.400390625,26060.19921875,25974.69921875,75,1,25979.599609375,75,1,25974.599609375,75,25979.80078125,675,25974.19921875,150,25979.900390625,750,25974.099609375,75,25980.0,450,25974.0,600,25981.0,75
2025-12-29 12:48:30.608485,full,25976.69921875,3345750,11154825,75,26023.939453125,294000,421350,26080.0,26100.19921875,25972.400390625,26060.19921875,25974.69921875,150,2,25977.099609375,75,1,25974.599609375,75,25979.5,600,25974.19921875,450,25979.599609375,75,25974.099609375,75,25979.69921875,600,25974.0,450,25979.80078125,75
2025-12-29 12:48:31.706049,full,25976.69921875,3345750,11154825,75,26023.939453125,295725,420600,26080.0,26100.19921875,25972.400390625,26060.19921875,25975.0,75,1,25977.099609375,75,1,25974.69921875,225,25979.5,600,25974.19921875,150,25979.599609375,75,25974.099609375,375,25979.69921875,600,25974.0,300,25979.80078125,75
2025-12-29 12:48:32.208102,full,25976.69921875,3345750,11154825,75,26023.939453125,296400,420675,26080.0,26100.19921875,25972.400390625,26060.19921875,25975.0,75,1,25977.099609375,75,1,25974.69921875,225,25979.69921875,600,25974.19921875,450,25979.80078125,675,25974.099609375,75,25979.900390625,150,25974.0,450,25980.0,450
2025-12-29 12:48:33.313427,full,25975.099609375,3345900,11154825,75,26023.939453125,297300,420600,26080.0,26100.19921875,25972.400390625,26060.19921875,25975.0,75,1,25975.900390625,75,1,25974.69921875,75,25979.69921875,600,25974.30078125,300,25979.80078125,675,25974.099609375,225,25979.900390625,150,25974.0,600,25980.0,450
2025-12-29 12:48:34.007753,full,25975.099609375,3345900,11154825,75,26023.939453125,297225,420525,26080.0,26100.19921875,25972.400390625,26060.19921875,25975.0,75,1,25975.900390625,75,1,25974.69921875,75,25978.900390625,75,25974.30078125,300,25979.69921875,600,25974.19921875,150,25979.80078125,675,25974.099609375,75,25979.900390625,150
2025-12-29 12:48:35.103051,full,25974.19921875,3346650,11154825,75,26023.9296875,300600,420600,26080.0,26100.19921875,25972.400390625,26060.19921875,25975.69921875,75,1,25976.099609375,150,2,25974.19921875,300,25976.30078125,75,25974.099609375,75,25979.400390625,600,25974.0,300,25979.5,75,25973.900390625,900,25979.69921875,600
2025-12-29 12:48:35.602862,full,25974.19921875,3346875,11154825,75,26023.919921875,296625,419850,26080.0,26100.19921875,25972.400390625,26060.19921875,25975.900390625,75,1,25979.099609375,75,1,25975.099609375,75,25979.400390625,600,25974.099609375,75,25979.5,75,25974.0,300,25979.69921875,600,25973.900390625,675,25979.80078125,75
2025-12-29 12:48:36.710391,full,25975.900390625,3347025,11154825,75,26023.919921875,298800,420525,26080.0,26100.19921875,25972.400390625,26060.19921875,25975.099609375,75,1,25979.099609375,75,1,25974.099609375,75,25979.400390625,600,25974.0,300,25979.5,75,25973.900390625,675,25979.69921875,600,25973.80078125,1800,25979.80078125,75
2025-12-29 12:48:37.216583,full,25975.900390625,3347025,11154825,75,26023.919921875,301950,421350,26080.0,26100.19921875,25972.400390625,26060.19921875,25975.099609375,75,1,25975.30078125,75,1,25974.69921875,75,25979.400390625,600,25974.099609375,225,25979.5,150,25974.0,300,25979.69921875,600,25973.900390625,675,25979.80078125,75
2025-12-29 12:48:38.320200,full,25975.099609375,3347100,11154825,75,26023.919921875,301875,421500,26080.0,26100.19921875,25972.400390625,26060.19921875,25975.0,75,1,25975.30078125,75,1,25974.69921875,75,25979.400390625,600,25974.099609375,300,25979.5,150,25974.0,375,25979.69921875,600,25973.900390625,750,25979.80078125,75
2025-12-29 12:48:38.821790,full,25975.099609375,3347100,11154825,75,26023.919921875,301875,421425,26080.0,26100.19921875,25972.400390625,26060.19921875,25975.0,75,1,25975.30078125,75,1,25974.69921875,75,25978.30078125,75,25974.099609375,375,25979.400390625,600,25974.0,375,25979.5,75,25973.900390625,300,25979.69921875,600
2025-12-29 12:48:39.928513,full,25975.0,3347175,11154825,75,26023.919921875,297225,421275,26080.0,26100.19921875,25972.400390625,26060.19921875,25975.30078125,75,1,25978.30078125,75,1,25974.0,225,25979.5,75,25973.900390625,600,25979.69921875,600,25973.80078125,975,25979.80078125,675,25973.69921875,1125,25979.900390625,150
2025-12-29 12:48:40.616459,full,25975.69921875,3347625,11154825,75,26023.91015625,299025,421275,26080.0,26100.19921875,25972.400390625,26060.19921875,25974.0,225,3,25979.400390625,600,1,25973.900390625,300,25979.5,150,25973.80078125,1050,25979.69921875,600,25973.69921875,1350,25979.80078125,75,25973.599609375,1275,25979.900390625,150
2025-12-29 12:48:41.710211,full,25976.099609375,3347700,11154825,75,26023.91015625,297975,421425,26080.0,26100.19921875,25972.400390625,26060.19921875,25974.0,150,2,25979.400390625,600,1,25973.900390625,75,25979.5,150,25973.80078125,1050,25979.69921875,600,25973.69921875,1200,25979.80078125,75,25973.599609375,975,25979.900390625,150
2025-12-29 12:48:42.216210,full,25976.099609375,3347700,11154825,75,26023.91015625,298125,420450,26080.0,26100.19921875,25972.400390625,26060.19921875,25974.0,150,2,25979.19921875,600,1,25973.900390625,75,25979.30078125,75,25973.80078125,600,25979.400390625,600,25973.69921875,1125,25979.5,75,25973.599609375,1050,25979.80078125,75
2025-12-29 12:48:43.321236,full,25976.099609375,3347700,11154825,75,26023.91015625,300900,420675,26080.0,26100.19921875,25972.400390625,26060.19921875,25974.0,225,3,25979.30078125,75,1,25973.900390625,450,25979.5,75,25973.80078125,600,25979.69921875,600,25973.69921875,1200,25979.80078125,675,25973.599609375,2400,25979.900390625,150
2025-12-29 12:48:43.836313,full,25976.099609375,3347700,11154825,75,26023.91015625,300825,421650,26080.0,26100.19921875,25972.400390625,26060.19921875,25974.0,150,2,25979.19921875,600,1,25973.900390625,150,25979.30078125,75,25973.80078125,675,25979.400390625,600,25973.69921875,1125,25979.5,75,25973.599609375,2475,25979.80078125,75
2025-12-29 12:48:44.929075,full,25976.5,3348075,11154825,75,26023.900390625,295650,421650,26080.0,26100.19921875,25972.400390625,26060.19921875,25974.69921875,75,1,25976.30078125,75,1,25974.599609375,150,25979.19921875,600,25974.099609375,300,25979.30078125,75,25974.0,75,25979.400390625,600,25973.900390625,150,25979.5,75
2025-12-29 12:48:45.616382,full,25976.5,3348075,11154825,75,26023.900390625,294600,421275,26080.0,26100.19921875,25972.400390625,26060.19921875,25974.69921875,75,1,25976.0,75,1,25974.599609375,150,25976.099609375,75,25974.099609375,300,25979.30078125,75,25974.0,75,25979.400390625,600,25973.900390625,300,25979.5,75
2025-12-29 12:48:46.523734,full,25974.69921875,3348150,11154825,75,26023.900390625,296325,421425,26080.0,26100.19921875,25972.400390625,26060.19921875,25974.69921875,150,1,25976.099609375,75,1,25974.599609375,75,25979.30078125,75,25974.099609375,300,25979.400390625,600,25974.0,150,25979.5,75,25973.900390625,600,25979.69921875,600
2025-12-29 12:48:47.227015,full,25974.69921875,3348375,11154825,75,26023.900390625,295800,419850,26080.0,26100.19921875,25972.400390625,26060.19921875,25974.69921875,75,1,25976.0,75,1,25974.599609375,75,25979.30078125,75,25974.099609375,300,25979.5,75,25974.0,150,25979.69921875,600,25973.900390625,600,25979.80078125,675
2025-12-29 12:48:48.320848,full,25977.400390625,3348750,11154825,75,26023.890625,297150,420075,26080.0,26100.19921875,25972.400390625,26060.19921875,25974.0,150,2,25979.30078125,75,1,25973.900390625,600,25979.400390625,600,25973.80078125,600,25979.5,75,25973.69921875,900,25979.69921875,600,25973.599609375,750,25979.80078125,75
2025-12-29 12:48:48.836074,full,25977.400390625,3348750,11154825,75,26023.890625,297150,419775,26080.0,26100.19921875,25972.400390625,26060.19921875,25974.0,150,2,25979.5,75,1,25973.900390625,600,25979.69921875,600,25973.80078125,600,25979.80078125,675,25973.69921875,1050,25979.900390625,150,25973.599609375,750,25980.0,525
2025-12-29 12:48:49.928913,full,25979.69921875,3348975,11154825,150,26023.890625,303000,418725,26080.0,26100.19921875,25972.400390625,26060.19921875,25974.80078125,75,1,25979.80078125,75,1,25974.30078125,225,25979.900390625,150,25974.19921875,75,25980.0,525,25974.099609375,300,25980.5,600,25974.0,675,25980.599609375,75
2025-12-29 12:48:50.633026,full,25979.69921875,3348975,11154825,150,26023.890625,303600,417525,26080.0,26100.19921875,25972.400390625,26060.19921875,25974.80078125,75,1,25978.900390625,75,1,25974.30078125,225,25979.80078125,75,25974.19921875,75,25979.900390625,75,25974.099609375,450,25980.0,525,25974.0,1425,25980.099609375,75
2025-12-29 12:48:51.540178,full,25979.69921875,3348975,11154825,150,26023.890625,302925,418875,26080.0,26100.19921875,25972.400390625,26060.19921875,25974.80078125,75,1,25978.900390625,75,1,25974.400390625,75,25979.80078125,75,25974.30078125,75,25979.900390625,75,25974.19921875,75,25980.0,525,25974.099609375,1200,25980.099609375,75
2025-12-29 12:48:52.233978,full,25979.69921875,3348975,11154825,150,26023.890625,303300,418650,26080.0,26100.19921875,25972.400390625,26060.19921875,25974.80078125,150,2,25978.900390625,75,1,25974.400390625,75,25979.80078125,75,25974.30078125,150,25979.900390625,75,25974.19921875,450,25980.0,525,25974.099609375,1050,25980.099609375,75
2025-12-29 12:48:53.338251,full,25979.69921875,3348975,11154825,150,26023.890625,302175,417750,26080.0,26100.19921875,25972.400390625,26060.19921875,25974.900390625,75,1,25978.900390625,75,1,25974.80078125,75,25979.80078125,75,25974.599609375,75,25979.900390625,75,25974.5,300,25980.0,525,25974.400390625,300,25980.099609375,75
2025-12-29 12:48:53.836602,full,25979.900390625,3349350,11154825,75,26023.890625,301425,418425,26080.0,26100.19921875,25972.400390625,26060.19921875,25974.900390625,225,3,25977.30078125,75,1,25974.80078125,300,25980.0,525,25974.599609375,600,25980.80078125,75,25974.5,300,25981.0,75,25974.400390625,225,25981.400390625,600
2025-12-29 12:48:54.928190,full,25979.900390625,3349350,11154825,75,26023.890625,297975,418350,26080.0,26100.19921875,25972.400390625,26060.19921875,25974.900390625,225,3,25977.30078125,75,1,25974.80078125,300,25980.0,525,25974.599609375,600,25980.69921875,600,25974.5,300,25980.80078125,75,25974.400390625,225,25980.900390625,600
2025-12-29 12:48:55.634416,full,25976.80078125,3349875,11154825,75,26023.880859375,302250,418875,26080.0,26100.19921875,25972.400390625,26060.19921875,25975.900390625,75,1,25976.30078125,75,1,25974.900390625,75,25980.0,525,25974.80078125,300,25980.30078125,75,25974.599609375,750,25980.900390625,600,25974.5,150,25981.0,75
2025-12-29 12:48:56.544484,full,25976.0,3350025,11154825,75,26023.880859375,302250,420525,26080.0,26100.19921875,25972.400390625,26060.19921875,25974.900390625,75,1,25975.599609375,75,1,25974.80078125,300,25980.0,525,25974.599609375,600,25980.30078125,75,25974.5,300,25980.900390625,600,25974.400390625,375,25981.0,75
2025-12-29 12:48:57.247536,full,25977.599609375,3350250,11154825,75,26023.869140625,298050,421875,26080.0,26100.19921875,25972.400390625,26060.19921875,25976.0,75,1,25978.599609375,75,1,25975.599609375,75,25980.0,525,25974.599609375,600,25980.900390625,600,25974.5,75,25981.0,75,25974.400390625,300,25981.80078125,600
2025-12-29 12:48:58.349151,full,25977.599609375,3350250,11154825,75,26023.869140625,296475,423225,26080.0,26100.19921875,25972.400390625,26060.19921875,25976.099609375,75,1,25978.599609375,75,1,25976.0,75,25980.0,525,25974.599609375,600,25980.900390625,600,25974.5,75,25981.0,75,25974.400390625,375,25981.69921875,600
2025-12-29 12:48:58.838413,full,25977.599609375,3350250,11154825,75,26023.869140625,291300,423675,26080.0,26100.19921875,25972.400390625,26060.19921875,25976.099609375,75,1,25980.0,525,5,25976.0,75,25980.69921875,600,25974.599609375,525,25980.80078125,75,25974.5,75,25980.900390625,600,25974.400390625,225,25981.0,75
2025-12-29 12:48:59.937346,full,25976.900390625,3350550,11154825,75,26023.869140625,294525,424050,26080.0,26100.19921875,25972.400390625,26060.19921875,25976.099609375,75,1,25979.400390625,375,1,25976.0,75,25980.0,525,25974.599609375,375,25980.69921875,600,25974.400390625,150,25980.80078125,75,25974.30078125,150,25980.900390625,600
2025-12-29 12:49:00.652486,full,25976.900390625,3350550,11154825,75,26023.869140625,291750,424050,26080.0,26100.19921875,25972.400390625,26060.19921875,25976.19921875,75,1,25979.400390625,375,1,25976.099609375,75,25979.900390625,600,25974.400390625,150,25980.0,525,25974.30078125,150,25980.30078125,600,25974.19921875,225,25980.400390625,75
2025-12-29 12:49:01.539086,full,25976.900390625,3350550,11154825,75,26023.869140625,295650,423525,26080.0,26100.19921875,25972.400390625,26060.19921875,25976.19921875,150,2,25979.400390625,375,1,25974.400390625,150,25980.0,525,25974.30078125,150,25980.30078125,600,25974.19921875,750,25980.400390625,75,25974.099609375,1275,25980.5,600
2025-12-29 12:49:02.256645,full,25979.400390625,3350700,11154825,150,26023.869140625,296475,422025,26080.0,26100.19921875,25972.400390625,26060.19921875,25976.19921875,150,2,25979.400390625,225,1,25974.400390625,150,25980.0,525,25974.30078125,150,25980.30078125,600,25974.19921875,750,25980.400390625,75,25974.099609375,1275,25980.5,600
2025-12-29 12:49:03.156763,full,25979.400390625,3350700,11154825,150,26023.869140625,295875,420975,26080.0,26100.19921875,25972.400390625,26060.19921875,25976.19921875,150,2,25979.400390625,225,1,25974.400390625,150,25979.900390625,600,25974.30078125,150,25980.0,525,25974.19921875,600,25980.30078125,600,25974.099609375,1200,25980.400390625,75
2025-12-29 12:49:03.848062,full,25979.30078125,3350775,11154825,75,26023.869140625,284625,421725,26080.0,26100.19921875,25972.400390625,26060.19921875,25976.30078125,75,1,25979.30078125,75,1,25975.0,75,25979.400390625,225,25974.400390625,75,25979.900390625,600,25974.19921875,450,25980.0,525,25974.099609375,375,25980.5,600
2025-12-29 12:49:04.754991,full,25979.30078125,3350775,11154825,75,26023.869140625,292875,421275,26080.0,26100.19921875,25972.400390625,26060.19921875,25976.30078125,75,1,25979.30078125,75,1,25975.0,75,25979.400390625,225,25974.19921875,450,25979.900390625,600,25974.099609375,375,25980.0,525,25974.0,1050,25980.5,600
2025-12-29 12:49:05.446836,full,25979.30078125,3350775,11154825,75,26023.869140625,291375,422100,26080.0,26100.19921875,25972.400390625,26060.19921875,25976.30078125,75,1,25979.400390625,225,1,25975.0,75,25979.900390625,600,25974.19921875,375,25980.0,1125,25974.099609375,375,25980.099609375,75,25974.0,825,25980.599609375,75
2025-12-29 12:49:06.360453,full,25979.30078125,3350775,11154825,75,26023.869140625,293550,422100,26080.0,26100.19921875,25972.400390625,26060.19921875,25976.30078125,75,1,25979.30078125,75,1,25975.0,75,25979.400390625,225,25974.0,675,25979.900390625,600,25973.900390625,150,25980.0,1050,25973.80078125,300,25980.099609375,75
2025-12-29 12:49:07.067573,full,25979.30078125,3350775,11154825,75,26023.869140625,287925,423450,26080.0,26100.19921875,25972.400390625,26060.19921875,25975.099609375,75,1,25979.19921875,75,1,25974.19921875,75,25979.30078125,675,25974.0,150,25979.400390625,225,25973.599609375,600,25979.900390625,600,25973.5,600,25980.0,525
2025-12-29 12:49:07.954017,full,25979.30078125,3350775,11154825,75,26023.869140625,278175,423975,26080.0,26100.19921875,25972.400390625,26060.19921875,25975.099609375,150,2,25979.099609375,675,2,25974.099609375,75,25979.19921875,675,25974.0,75,25979.30078125,75,25973.099609375,75,25979.400390625,225,25973.0,375,25980.0,525
2025-12-29 12:49:08.656281,full,25980.0,3352650,11154825,75,26023.83984375,292050,425925,26080.0,26100.19921875,25972.400390625,26060.19921875,25975.099609375,150,2,25979.5,150,2,25974.099609375,75,25979.80078125,75,25974.0,75,25979.900390625,750,25973.099609375,75,25980.0,225,25973.0,1125,25980.19921875,600
2025-12-29 12:49:09.754221,full,25980.0,3352650,11154825,75,26023.83984375,295575,424200,26080.0,26100.19921875,25972.400390625,26060.19921875,25975.099609375,150,2,25978.0,75,1,25974.099609375,75,25979.5,150,25974.0,75,25980.0,225,25973.400390625,75,25980.400390625,600,25973.19921875,750,25980.5,1800
2025-12-29 12:49:10.469072,full,25980.0,3352650,11154825,75,26023.83984375,295425,424200,26080.0,26100.19921875,25972.400390625,26060.19921875,25975.19921875,150,2,25978.0,75,1,25974.099609375,75,25979.5,75,25974.0,75,25979.900390625,75,25973.400390625,75,25980.0,225,25973.30078125,150,25980.400390625,600
2025-12-29 12:49:11.366285,full,25978.0,3352725,11154825,75,26023.83984375,294075,424950,26080.0,26100.19921875,25972.400390625,26060.19921875,25975.19921875,75,1,25979.400390625,75,1,25974.099609375,75,25979.900390625,75,25974.0,75,25980.0,225,25973.400390625,75,25980.30078125,600,25973.30078125,150,25980.400390625,675
2025-12-29 12:49:12.071670,full,25978.0,3352725,11154825,75,26023.83984375,293400,424650,26080.0,26100.19921875,25972.400390625,26060.19921875,25975.19921875,75,1,25979.400390625,75,1,25974.099609375,75,25979.80078125,75,25974.0,75,25980.0,225,25973.400390625,75,25980.30078125,600,25973.099609375,75,25980.400390625,675
2025-12-29 12:49:12.970657,full,25978.0,3352725,11154825,75,26023.83984375,295050,423900,26080.0,26100.19921875,25972.400390625,26060.19921875,25974.19921875,75,1,25979.400390625,75,1,25974.099609375,75,25979.80078125,75,25974.0,75,25980.0,225,25973.099609375,750,25980.30078125,600,25973.0,1425,25980.400390625,675
2025-12-29 12:49:13.674371,full,25978.0,3352725,11154825,75,26023.83984375,296175,420750,26080.0,26100.19921875,25972.400390625,26060.19921875,25974.19921875,75,1,25979.400390625,75,1,25974.099609375,75,25979.69921875,75,25974.0,75,25980.0,225,25973.30078125,75,25980.400390625,675,25973.19921875,900,25980.5,1575
2025-12-29 12:49:14.772688,full,25978.0,3352725,11154825,75,26023.83984375,295500,422250,26080.0,26100.19921875,25972.400390625,26060.19921875,25974.19921875,75,1,25979.69921875,150,2,25974.099609375,75,25980.0,225,25974.0,75,25980.30078125,600,25973.400390625,225,25980.400390625,675,25973.19921875,975,25980.5,975
2025-12-29 12:49:15.270151,full,25979.69921875,3352875,11154825,75,26023.83984375,295500,422625,26080.0,26100.19921875,25972.400390625,26060.19921875,25974.19921875,225,2,25979.69921875,300,4,25974.099609375,75,25980.0,225,25974.0,75,25980.30078125,600,25973.400390625,225,25980.400390625,675,25973.19921875,825,25980.5,975
2025-12-29 12:49:16.373437,full,25979.69921875,3352875,11154825,75,26023.83984375,296025,421950,26080.0,26100.19921875,25972.400390625,26060.19921875,25974.30078125,75,1,25979.69921875,150,2,25974.19921875,225,25980.0,300,25974.0,75,25980.400390625,75,25973.400390625,225,25980.5,975,25973.30078125,750,25980.599609375,1500
2025-12-29 12:49:17.077784,full,25974.30078125,3352950,11154825,75,26023.83984375,296475,421425,26080.0,26100.19921875,25972.400390625,26060.19921875,25974.0,225,2,25979.599609375,150,2,25973.5,75,25980.0,300,25973.400390625,225,25980.30078125,600,25973.30078125,75,25980.400390625,675,25973.19921875,225,25980.5,975
2025-12-29 12:49:17.964325,full,25974.30078125,3352950,11154825,75,26023.83984375,290100,424200,26080.0,26100.19921875,25972.400390625,26060.19921875,25974.0,225,2,25979.0,300,2,25973.5,75,25979.599609375,150,25973.099609375,75,25979.900390625,600,25973.0,525,25980.0,300,25972.900390625,975,25980.19921875,600
2025-12-29 12:49:18.681853,full,25977.599609375,3353025,11154825,75,26023.83984375,291225,423975,26080.0,26100.19921875,25972.400390625,26060.19921875,25974.0,75,1,25977.599609375,75,1,25973.400390625,75,25979.0,300,25973.099609375,75,25979.5,600,25973.0,375,25979.599609375,75,25972.900390625,975,25979.900390625,600
2025-12-29 12:49:19.572694,full,25977.599609375,3353025,11154825,75,26023.83984375,292875,423600,26080.0,26100.19921875,25972.400390625,26060.19921875,25974.0,75,1,25977.599609375,75,1,25973.400390625,75,25979.0,300,25973.0,375,25979.5,600,25972.900390625,975,25979.599609375,75,25972.80078125,675,25979.900390625,600
2025-12-29 12:49:20.275819,full,25977.599609375,3353025,11154825,75,26023.83984375,292800,422700,26080.0,26100.19921875,25972.400390625,26060.19921875,25974.0,75,1,25977.599609375,75,1,25973.400390625,75,25979.0,300,25973.0,375,25979.599609375,75,25972.900390625,975,25979.900390625,600,25972.80078125,1275,25980.0,300
2025-12-29 12:49:21.171028,full,25977.599609375,3353100,11154825,75,26023.83984375,294225,423300,26080.0,26100.19921875,25972.400390625,26060.19921875,25974.0,75,1,25977.599609375,75,1,25973.400390625,75,25979.0,300,25972.900390625,975,25979.599609375,75,25972.80078125,975,25979.900390625,600,25972.69921875,1350,25980.0,300
2025-12-29 12:49:21.887879,full,25977.599609375,3353100,11154825,75,26023.83984375,293850,423525,26080.0,26100.19921875,25972.400390625,26060.19921875,25974.0,75,1,25977.599609375,75,1,25973.400390625,75,25979.0,300,25972.900390625,975,25979.599609375,75,25972.80078125,975,25979.900390625,600,25972.69921875,1200,25980.0,900
2025-12-29 12:49:22.778507,full,25977.599609375,3353100,11154825,75,26023.83984375,293925,422250,26080.0,26100.19921875,25972.400390625,26060.19921875,25974.0,150,2,25977.599609375,75,1,25973.0,75,25979.0,300,25972.900390625,975,25979.5,600,25972.69921875,450,25979.599609375,75,25972.599609375,375,25979.900390625,600
2025-12-29 12:49:23.688295,full,25977.599609375,3353175,11154825,75,26023.830078125,294450,421500,26080.0,26100.19921875,25972.400390625,26060.19921875,25974.0,150,2,25977.30078125,75,1,25973.0,75,25979.0,300,25972.900390625,750,25979.30078125,75,25972.69921875,150,25979.5,600,25972.599609375,900,25979.599609375,75
2025-12-29 12:49:24.586178,full,25977.599609375,3353175,11154825,75,26023.830078125,294825,421650,26080.0,26100.19921875,25972.400390625,26060.19921875,25974.0,150,2,25977.30078125,75,1,25973.0,75,25979.0,300,25972.900390625,750,25979.30078125,75,25972.80078125,600,25979.599609375,75,25972.69921875,750,25979.900390625,600
2025-12-29 12:49:25.088160,full,25977.599609375,3353175,11154825,75,26023.830078125,294975,421575,26080.0,26100.19921875,25972.400390625,26060.19921875,25974.0,150,2,25976.80078125,75,1,25973.0,75,25976.900390625,75,25972.900390625,750,25979.0,300,25972.69921875,750,25979.5,600,25972.599609375,1050,25979.599609375,75
2025-12-29 12:49:26.172607,full,25977.599609375,3353175,11154825,75,26023.830078125,298425,420375,26080.0,26100.19921875,25972.400390625,26060.19921875,25974.0,150,2,25976.80078125,75,1,25973.099609375,75,25976.900390625,75,25972.900390625,825,25979.0,225,25972.80078125,900,25979.599609375,75,25972.69921875,1725,25979.900390625,600
2025-12-29 12:49:26.893583,full,25976.80078125,3353250,11154825,75,26023.830078125,298950,419850,26080.0,26100.19921875,25972.400390625,26060.19921875,25974.0,75,1,25976.900390625,75,1,25973.30078125,75,25979.0,225,25973.0,750,25979.599609375,75,25972.900390625,1875,25979.900390625,600,25972.80078125,525,25980.0,900
2025-12-29 12:49:27.786140,full,25979.0,3353550,11154825,225,26023.830078125,304350,420075,26080.0,26100.19921875,25972.400390625,26060.19921875,25974.0,75,1,25974.19921875,75,1,25973.19921875,300,25976.900390625,75,25973.099609375,75,25979.900390625,600,25973.0,975,25980.0,900,25972.900390625,1950,25980.099609375,525
2025-12-29 12:49:28.487740,full,25974.0,3353625,11154825,75,26023.830078125,304275,420675,26080.0,26100.19921875,25972.400390625,26060.19921875,25973.19921875,75,1,25974.19921875,75,1,25973.099609375,375,25976.900390625,75,25973.0,825,25979.900390625,600,25972.900390625,1800,25980.0,900,25972.80078125,825,25980.099609375,525
2025-12-29 12:49:29.391345,full,25974.0,3353625,11154825,75,26023.830078125,302400,420900,26080.0,26100.19921875,25972.400390625,26060.19921875,25974.0,750,1,25974.80078125,75,1,25973.19921875,75,25976.900390625,75,25973.099609375,375,25979.900390625,600,25973.0,225,25980.0,900,25972.900390625,1800,25980.099609375,525
2025-12-29 12:49:30.094466,full,25974.0,3353625,11154825,75,26023.830078125,297825,422250,26080.0,26100.19921875,25972.400390625,26060.19921875,25974.0,750,1,25974.80078125,75,1,25973.19921875,75,25977.5,75,25973.099609375,375,25979.900390625,600,25973.0,150,25980.0,900,25972.900390625,900,25980.099609375,525
2025-12-29 12:49:30.986798,full,25974.0,3353625,11154825,75,26023.830078125,289275,426225,26080.0,26100.19921875,25972.400390625,26060.19921875,25974.0,900,2,25975.0,75,1,25973.19921875,75,25977.5,75,25972.69921875,300,25979.900390625,600,25972.599609375,75,25980.0,1050,25972.5,825,25980.099609375,825
2025-12-29 12:49:31.703251,full,25974.0,3353625,11154825,75,26023.830078125,297300,427125,26080.0,26100.19921875,25972.400390625,26060.19921875,25974.0,900,2,25975.0,75,1,25973.19921875,75,25977.69921875,75,25972.69921875,300,25979.900390625,600,25972.599609375,675,25980.0,1125,25972.5,1425,25980.099609375,825
2025-12-29 12:49:32.587568,full,25974.0,3353625,11154825,75,26023.830078125,297150,427125,26080.0,26100.19921875,25972.400390625,26060.19921875,25974.0,900,2,25975.0,75,1,25973.19921875,75,25977.69921875,75,25972.69921875,600,25979.900390625,600,25972.599609375,975,25980.0,1125,25972.5,675,25980.099609375,825
2025-12-29 12:49:33.503436,full,25974.0,3353625,11154825,75,26023.830078125,297600,427275,26080.0,26100.19921875,25972.400390625,26060.19921875,25974.0,900,2,25975.0,75,1,25973.19921875,75,25977.69921875,75,25972.69921875,900,25980.0,525,25972.599609375,750,25980.099609375,1425,25972.5,900,25980.19921875,1800
2025-12-29 12:49:34.399846,full,25975.0,3353700,11154825,75,26023.830078125,297300,427425,26080.0,26100.19921875,25972.400390625,26060.19921875,25974.19921875,75,1,25974.80078125,75,1,25974.0,750,25977.69921875,75,25973.099609375,75,25979.900390625,600,25972.69921875,600,25980.0,1125,25972.599609375,1050,25980.099609375,825
2025-12-29 12:49:35.102921,full,25974.80078125,3353775,11154825,75,26023.830078125,296775,428175,26080.0,26100.19921875,25972.400390625,26060.19921875,25974.0,750,1,25974.80078125,75,1,25973.099609375,75,25977.5,75,25972.599609375,1050,25979.900390625,675,25972.5,1275,25980.0,1125,25972.400390625,450,25980.099609375,750
2025-12-29 12:49:35.996666,full,25974.0,3353925,11154825,150,26023.8203125,292950,428475,26080.0,26100.19921875,25972.400390625,26060.19921875,25974.0,600,1,25975.30078125,75,1,25973.099609375,75,25977.5,75,25972.599609375,75,25979.69921875,600,25972.5,1200,25979.80078125,75,25972.400390625,1275,25979.900390625,600
2025-12-29 12:49:36.710739,full,25975.30078125,3354000,11154825,75,26023.8203125,285225,429075,26080.0,26100.19921875,25972.400390625,26060.19921875,25974.80078125,150,1,25975.80078125,75,1,25974.0,600,25978.0,75,25973.5,75,25979.400390625,1125,25972.599609375,75,25979.5,1125,25972.400390625,75,25979.599609375,150
2025-12-29 12:49:37.601222,full,25978.0,3354150,11154825,75,26023.8203125,289425,429450,26080.0,26100.19921875,25972.400390625,26060.19921875,25974.599609375,75,1,25975.80078125,75,1,25974.0,600,25979.0,150,25972.599609375,75,25979.30078125,825,25972.400390625,75,25979.400390625,1125,25972.0,300,25979.5,1200
2025-12-29 12:49:38.310651,full,25974.69921875,3354225,11154825,75,26023.8203125,290850,429750,26080.0,26100.19921875,25972.400390625,26060.19921875,25974.69921875,150,2,25975.69921875,75,1,25974.0,600,25979.0,150,25972.599609375,75,25979.30078125,825,25972.400390625,75,25979.400390625,1125,25972.099609375,600,25979.5,1575
2025-12-29 12:49:39.195612,full,25974.0,3354825,11154825,75,26023.810546875,290325,420600,26080.0,26100.19921875,25972.400390625,26060.19921875,25974.0,225,1,25974.69921875,75,1,25972.599609375,75,25978.69921875,75,25972.400390625,75,25978.900390625,75,25972.099609375,600,25979.0,1125,25972.0,825,25979.099609375,1425
2025-12-29 12:49:39.921303,full,25974.0,3354825,11154825,75,26023.810546875,295500,424425,26080.0,26100.19921875,25972.400390625,26060.19921875,25974.0,225,1,25974.69921875,75,1,25972.599609375,75,25977.400390625,75,25972.400390625,675,25979.0,750,25972.30078125,300,25979.099609375,150,25972.19921875,600,25979.19921875,600
2025-12-29 12:49:40.998762,full,25974.0,3354825,11154825,75,26023.810546875,296325,425400,26080.0,26100.19921875,25972.400390625,26060.19921875,25974.0,225,1,25974.69921875,75,1,25972.599609375,75,25977.400390625,75,25972.400390625,75,25979.0,150,25972.099609375,75,25979.19921875,600,25972.0,1125,25979.30078125,1350
2025-12-29 12:49:41.719714,full,25974.0,3354825,11154825,75,26023.810546875,295200,424425,26080.0,26100.19921875,25972.400390625,26060.19921875,25974.0,225,1,25974.69921875,75,1,25972.599609375,75,25977.400390625,75,25972.400390625,75,25978.900390625,600,25972.099609375,75,25979.0,150,25972.0,1350,25979.099609375,600
2025-12-29 12:49:42.603761,full,25974.0,3354825,11154825,75,26023.810546875,293925,425025,26080.0,26100.19921875,25972.400390625,26060.19921875,25974.0,225,1,25975.5,75,1,25973.099609375,75,25977.400390625,75,25972.599609375,75,25979.0,150,25972.400390625,75,25979.099609375,75,25972.30078125,300,25979.30078125,1425
2025-12-29 12:49:43.321703,full,25974.0,3354825,11154825,75,26023.810546875,295125,424725,26080.0,26100.19921875,25972.400390625,26060.19921875,25974.0,225,1,25975.5,75,1,25973.099609375,75,25978.19921875,75,25972.599609375,75,25979.0,150,25972.400390625,75,25979.099609375,75,25972.19921875,600,25979.30078125,1425
2025-12-29 12:49:44.214731,full,25974.0,3354900,11154825,75,26023.810546875,291675,424800,26080.0,26100.19921875,25972.400390625,26060.19921875,25974.0,150,1,25975.5,75,1,25972.80078125,75,25978.19921875,75,25972.599609375,75,25978.900390625,600,25972.400390625,75,25979.0,750,25972.099609375,75,25979.099609375,75
2025-12-29 12:49:44.921021,full,25974.0,3354900,11154825,75,26023.810546875,290325,423825,26080.0,26100.19921875,25972.400390625,26060.19921875,25974.0,150,1,25975.5,75,1,25972.69921875,75,25978.19921875,75,25972.599609375,75,25979.0,150,25972.400390625,75,25979.099609375,75,25972.099609375,600,25979.19921875,600
2025-12-29 12:49:45.805626,full,25974.0,3354900,11154825,75,26023.810546875,293025,417750,26080.0,26100.19921875,25972.400390625,26060.19921875,25974.099609375,150,2,25975.5,75,1,25974.0,150,25978.19921875,75,25972.599609375,675,25979.30078125,675,25972.5,900,25979.400390625,825,25972.400390625,75,25979.5,600
2025-12-29 12:49:46.520794,full,25974.5,3355425,11154825,75,26023.80078125,294975,422550,26080.0,26100.19921875,25972.400390625,26060.19921875,25974.0,150,1,25975.69921875,75,1,25972.599609375,75,25978.19921875,75,25972.5,900,25979.30078125,675,25972.400390625,675,25979.400390625,825,25972.30078125,300,25979.5,600
2025-12-29 12:49:47.420768,full,25974.5,3355425,11154825,75,26023.80078125,295950,421875,26080.0,26100.19921875,25972.400390625,26060.19921875,25974.0,150,1,25975.69921875,75,1,25972.599609375,75,25978.19921875,75,25972.400390625,750,25979.30078125,675,25972.30078125,975,25979.400390625,1275,25972.19921875,375,25979.5,1200
2025-12-29 12:49:48.121089,full,25974.5,3355425,11154825,75,26023.80078125,296475,421950,26080.0,26100.19921875,25972.400390625,26060.19921875,25974.0,150,1,25975.69921875,75,1,25973.30078125,75,25978.400390625,75,25972.599609375,75,25979.30078125,675,25972.5,900,25979.400390625,675,25972.400390625,750,25979.5,600
2025-12-29 12:49:49.020516,full,25974.5,3355425,11154825,75,26023.80078125,297000,423300,26080.0,26100.19921875,25972.400390625,26060.19921875,25974.0,150,1,25975.69921875,75,1,25973.30078125,75,25978.400390625,75,25972.69921875,900,25979.80078125,75,25972.599609375,675,25979.900390625,1050,25972.5,450,25980.0,1725
2025-12-29 12:49:49.719852,full,25974.5,3355425,11154825,75,26023.80078125,297225,423600,26080.0,26100.19921875,25972.400390625,26060.19921875,25974.0,150,1,25975.69921875,75,1,25973.30078125,75,25978.400390625,75,25972.69921875,1275,25979.80078125,75,25972.599609375,675,25979.900390625,1050,25972.5,600,25980.0,1725
2025-12-29 12:49:50.623279,full,25974.5,3355425,11154825,75,26023.80078125,296925,423150,26080.0,26100.19921875,25972.400390625,26060.19921875,25974.0,150,1,25975.69921875,75,1,25973.19921875,75,25978.400390625,75,25972.900390625,600,25979.80078125,75,25972.80078125,900,25979.900390625,1050,25972.69921875,525,25980.0,1725
2025-12-29 12:49:51.330740,full,25974.5,3355425,11154825,75,26023.80078125,295500,423150,26080.0,26100.19921875,25972.400390625,26060.19921875,25974.0,150,1,25975.69921875,75,1,25973.19921875,75,25978.400390625,75,25972.900390625,300,25979.80078125,75,25972.80078125,600,25979.900390625,1050,25972.69921875,1275,25980.0,1725
2025-12-29 12:49:52.220958,full,25974.5,3355425,11154825,75,26023.80078125,296700,412950,26080.0,26100.19921875,25972.400390625,26060.19921875,25974.099609375,75,1,25975.69921875,75,1,25974.0,150,25978.400390625,75,25973.19921875,300,25980.0,300,25973.0,675,25980.099609375,150,25972.900390625,975,25980.19921875,150
2025-12-29 12:49:53.138038,full,25974.5,3355425,11154825,75,26023.80078125,300750,419475,26080.0,26100.19921875,25972.400390625,26060.19921875,25974.099609375,75,1,25975.69921875,75,1,25974.0,150,25978.400390625,75,25973.80078125,300,25980.0,300,25973.599609375,675,25980.599609375,75,25973.5,975,25980.80078125,150
2025-12-29 12:49:54.024148,full,25974.5,3355425,11154825,75,26023.80078125,300525,421800,26080.0,26100.19921875,25972.400390625,26060.19921875,25974.0,300,2,25975.69921875,75,1,25973.80078125,300,25978.400390625,75,25973.69921875,675,25980.0,300,25973.599609375,1200,25980.599609375,75,25973.5,375,25980.80078125,600
2025-12-29 12:49:54.736653,full,25975.69921875,3355500,11154825,75,26023.80078125,303300,421875,26080.0,26100.19921875,25972.400390625,26060.19921875,25974.900390625,150,1,25975.69921875,75,1,25974.0,375,25978.400390625,75,25973.900390625,300,25980.0,300,25973.80078125,675,25980.599609375,75,25973.69921875,1050,25980.80078125,600
2025-12-29 12:49:55.626262,full,25975.69921875,3355725,11154825,75,26023.80078125,303525,422475,26080.0,26100.19921875,25972.400390625,26060.19921875,25974.0,300,2,25975.69921875,75,1,25973.80078125,375,25978.400390625,75,25973.69921875,975,25980.0,300,25973.599609375,1350,25980.599609375,75,25973.5,1350,25980.80078125,600
2025-12-29 12:49:56.337551,full,25975.69921875,3355725,11154825,75,26023.80078125,302700,422475,26080.0,26100.19921875,25972.400390625,26060.19921875,25974.69921875,525,2,25975.69921875,75,1,25974.0,150,25978.400390625,75,25973.900390625,600,25980.0,300,25973.80078125,900,25980.599609375,75,25973.69921875,375,25980.80078125,600
2025-12-29 12:49:57.219858,full,25974.69921875,3356175,11154825,75,26023.7890625,298950,422850,26080.0,26100.19921875,25972.400390625,26060.19921875,25974.69921875,75,1,25975.80078125,75,1,25974.0,150,25978.400390625,75,25973.69921875,1200,25980.0,300,25973.599609375,1050,25980.599609375,75,25973.5,1050,25980.80078125,600
2025-12-29 12:49:57.936240,full,25975.80078125,3356250,11154825,75,26023.7890625,299250,422850,26080.0,26100.19921875,25972.400390625,26060.19921875,25974.0,150,1,25975.80078125,75,1,25973.900390625,75,25978.5,75,25973.80078125,300,25980.0,300,25973.69921875,900,25980.599609375,75,25973.599609375,1350,25980.900390625,825
2025-12-29 12:49:58.824199,full,25975.80078125,3356250,11154825,75,26023.7890625,302925,421200,26080.0,26100.19921875,25972.400390625,26060.19921875,25974.0,525,6,25975.80078125,75,1,25973.900390625,75,25978.5,75,25973.80078125,1125,25980.0,300,25973.69921875,1125,25980.900390625,225,25973.599609375,900,25981.0,1200
2025-12-29 12:49:59.742320,full,25975.80078125,3356250,11154825,75,26023.7890625,302100,419850,26080.0,26100.19921875,25972.400390625,26060.19921875,25974.099609375,375,5,25975.80078125,75,1,25974.0,225,25977.69921875,225,25973.900390625,150,25978.5,75,25973.80078125,525,25980.0,300,25973.69921875,1875,25980.900390625,75
2025-12-29 12:50:00.436611,full,25975.80078125,3356250,11154825,75,26023.7890625,301425,420450,26080.0,26100.19921875,25972.400390625,26060.19921875,25974.0,525,6,25975.80078125,75,1,25973.900390625,225,25977.69921875,225,25973.80078125,375,25978.5,75,25973.69921875,1950,25980.0,300,25973.599609375,1575,25980.80078125,600
2025-12-29 12:50:01.352767,full,25975.80078125,3356325,11154825,75,26023.7890625,301950,421425,26080.0,26100.19921875,25972.400390625,26060.19921875,25974.0,675,8,25975.80078125,75,1,25973.900390625,150,25977.69921875,225,25973.80078125,300,25978.5,75,25973.69921875,1800,25980.0,300,25973.599609375,1650,25980.80078125,600
2025-12-29 12:50:02.042171,full,25975.80078125,3356325,11154825,75,26023.7890625,294825,421725,26080.0,26100.19921875,25972.400390625,26060.19921875,25974.0,300,3,25975.80078125,75,1,25973.900390625,150,25977.69921875,225,25973.80078125,75,25978.5,75,25973.69921875,525,25980.0,300,25973.599609375,975,25980.80078125,600
2025-12-29 12:50:02.955796,full,25974.0,3356400,11154825,75,26023.7890625,297825,422400,26080.0,26100.19921875,25972.400390625,26060.19921875,25974.0,225,3,25975.80078125,75,1,25973.80078125,75,25977.69921875,225,25973.69921875,225,25978.5,75,25973.599609375,1125,25980.0,300,25973.5,225,25980.80078125,600
2025-12-29 12:50:03.837354,full,25974.0,3356400,11154825,75,26023.7890625,297675,422325,26080.0,26100.19921875,25972.400390625,26060.19921875,25974.0,225,3,25975.69921875,75,1,25973.80078125,375,25977.69921875,225,25973.69921875,75,25978.5,75,25973.599609375,975,25980.0,300,25973.5,1125,25980.80078125,600
2025-12-29 12:50:04.554156,full,25974.0,3356400,11154825,75,26023.7890625,298050,422325,26080.0,26100.19921875,25972.400390625,26060.19921875,25974.0,150,2,25975.69921875,75,1,25973.80078125,375,25977.69921875,225,25973.69921875,75,25978.400390625,75,25973.599609375,975,25980.0,300,25973.5,525,25980.80078125,600
2025-12-29 12:50:05.441154,full,25974.0,3356400,11154825,75,26023.7890625,297675,422025,26080.0,26100.19921875,25972.400390625,26060.19921875,25974.0,150,2,25975.69921875,75,1,25973.900390625,300,25977.69921875,225,25973.80078125,75,25978.400390625,75,25973.69921875,300,25980.0,300,25973.599609375,825,25980.80078125,600
2025-12-29 12:50:06.149385,full,25975.69921875,3356475,11154825,75,26023.7890625,298650,422325,26080.0,26100.19921875,25972.400390625,26060.19921875,25974.0,75,1,25975.69921875,75,1,25973.80078125,375,25977.69921875,225,25973.69921875,225,25978.400390625,75,25973.599609375,1050,25980.0,300,25973.5,600,25980.80078125,600
2025-12-29 12:50:07.042302,full,25975.69921875,3356475,11154825,75,26023.7890625,300225,421575,26080.0,26100.19921875,25972.400390625,26060.19921875,25974.0,375,5,25975.69921875,75,1,25973.80078125,150,25977.69921875,225,25973.69921875,600,25978.400390625,75,25973.599609375,975,25980.0,300,25973.5,1650,25980.80078125,600
2025-12-29 12:50:07.951424,full,25975.69921875,3356475,11154825,75,26023.7890625,298275,421875,26080.0,26100.19921875,25972.400390625,26060.19921875,25974.099609375,75,1,25975.69921875,75,1,25974.0,75,25977.69921875,225,25973.80078125,75,25978.400390625,75,25973.69921875,525,25980.0,300,25973.599609375,825,25980.80078125,600
2025-12-29 12:50:08.644344,full,25975.69921875,3356475,11154825,75,26023.7890625,297375,421350,26080.0,26100.19921875,25972.400390625,26060.19921875,25974.099609375,75,1,25975.69921875,75,1,25974.0,75,25977.69921875,225,25973.80078125,75,25978.400390625,75,25973.69921875,525,25980.0,300,25973.599609375,825,25980.80078125,600
2025-12-29 12:50:09.566912,full,25975.69921875,3356475,11154825,75,26023.7890625,295350,422325,26080.0,26100.19921875,25972.400390625,26060.19921875,25975.0,75,1,25975.69921875,75,1,25974.099609375,225,25977.69921875,225,25974.0,75,25978.400390625,75,25973.80078125,75,25980.0,300,25973.69921875,525,25980.80078125,600
2025-12-29 12:50:10.265217,full,25975.69921875,3356475,11154825,75,26023.7890625,295275,422775,26080.0,26100.19921875,25972.400390625,26060.19921875,25975.0,75,1,25975.69921875,75,1,25974.099609375,225,25977.69921875,225,25974.0,75,25978.400390625,75,25973.69921875,525,25980.0,300,25973.599609375,450,25980.80078125,600
2025-12-29 12:50:11.169281,full,25975.69921875,3356625,11163750,75,26023.779296875,295425,423150,26080.0,26100.19921875,25972.400390625,26060.19921875,25975.69921875,225,2,25975.80078125,75,1,25974.5,75,25977.69921875,225,25974.0,75,25978.400390625,75,25973.69921875,525,25980.0,300,25973.599609375,1050,25980.80078125,600
2025-12-29 12:50:11.853592,full,25975.69921875,3356850,11163750,150,26023.779296875,294750,423900,26080.0,26100.19921875,25972.400390625,26060.19921875,25974.80078125,75,1,25975.5,150,1,25974.0,75,25975.599609375,975,25973.69921875,525,25975.80078125,75,25973.599609375,450,25976.599609375,975,25973.5,900,25977.69921875,225
2025-12-29 12:50:12.774828,full,25975.69921875,3356850,11163750,150,26023.779296875,291375,424200,26080.0,26100.19921875,25972.400390625,26060.19921875,25974.599609375,75,1,25975.5,975,1,25974.0,75,25975.69921875,150,25973.69921875,150,25975.80078125,75,25973.599609375,600,25976.80078125,975,25973.5,525,25977.69921875,225
2025-12-29 12:50:13.444260,full,25975.69921875,3356850,11163750,150,26023.779296875,290475,423900,26080.0,26100.19921875,25972.400390625,26060.19921875,25974.599609375,75,1,25975.400390625,975,1,25974.0,75,25975.599609375,150,25973.599609375,225,25975.69921875,75,25973.5,825,25976.5,975,25973.400390625,225,25977.69921875,225
2025-12-29 12:50:14.573451,full,25975.400390625,3357075,11163750,75,26023.779296875,284700,422550,26080.0,26100.19921875,25972.400390625,26060.19921875,25974.599609375,75,1,25975.30078125,750,1,25974.0,75,25975.5,150,25973.30078125,150,25975.599609375,75,25973.19921875,300,25976.599609375,975,25973.099609375,225,25977.69921875,225
2025-12-29 12:50:15.247489,full,25975.400390625,3357075,11163750,75,26023.779296875,289350,422925,26080.0,26100.19921875,25972.400390625,26060.19921875,25974.599609375,75,1,25975.30078125,150,1,25974.0,75,25975.400390625,750,25973.30078125,150,25975.599609375,75,25973.099609375,525,25976.5,975,25973.0,150,25977.69921875,225
2025-12-29 12:50:16.172423,full,25975.0,3357150,11163750,75,26023.779296875,292200,423300,26080.0,26100.19921875,25972.400390625,26060.19921875,25974.0,75,1,25975.099609375,75,1,25973.30078125,75,25975.400390625,75,25973.099609375,375,25975.5,750,25973.0,150,25976.30078125,975,25972.900390625,375,25977.69921875,225
2025-12-29 12:50:16.846373,full,25975.5,3357975,11163750,75,26023.76953125,295650,422175,26080.0,26100.19921875,25972.400390625,26060.19921875,25973.30078125,75,1,25976.5,975,1,25973.0,300,25977.69921875,225,25972.900390625,375,25978.30078125,75,25972.80078125,675,25980.0,300,25972.69921875,1200,25980.099609375,75
2025-12-29 12:50:17.782338,full,25975.5,3357975,11163750,75,26023.76953125,301200,421500,26080.0,26100.19921875,25972.400390625,26060.19921875,25973.30078125,375,5,25974.599609375,375,1,25973.099609375,150,25974.900390625,75,25973.0,225,25976.599609375,975,25972.900390625,750,25977.69921875,225,25972.80078125,825,25979.400390625,75
2025-12-29 12:50:18.460544,full,25975.5,3357975,11163750,75,26023.76953125,302100,421500,26080.0,26100.19921875,25972.400390625,26060.19921875,25973.30078125,375,5,25974.599609375,375,1,25973.099609375,300,25974.900390625,75,25973.0,150,25976.599609375,975,25972.900390625,675,25977.69921875,225,25972.80078125,1575,25979.400390625,75
2025-12-29 12:50:19.371273,full,25980.0,3360075,11163750,75,26023.740234375,300600,421650,26080.0,26100.19921875,25972.400390625,26060.19921875,25975.5,75,1,25979.900390625,300,4,25974.599609375,75,25980.0,225,25973.5,75,25980.30078125,1125,25973.30078125,750,25980.400390625,1350,25973.19921875,975,25980.5,675
2025-12-29 12:50:20.250511,full,25975.900390625,3360225,11163750,75,26023.73046875,300825,418875,26080.0,26100.19921875,25972.400390625,26060.19921875,25975.599609375,75,1,25979.900390625,75,1,25974.400390625,75,25980.0,225,25973.69921875,75,25980.69921875,150,25973.599609375,750,25980.80078125,375,25973.5,975,25980.900390625,750
2025-12-29 12:50:21.174407,full,25975.900390625,3360225,11163750,75,26023.73046875,300000,422775,26080.0,26100.19921875,25972.400390625,26060.19921875,25975.599609375,75,1,25975.900390625,450,1,25974.5,75,25976.19921875,75,25973.80078125,300,25979.900390625,75,25973.69921875,75,25980.0,225,25973.599609375,600,25980.599609375,600
2025-12-29 12:50:21.865058,full,25975.900390625,3360225,11163750,75,26023.73046875,297300,423000,26080.0,26100.19921875,25972.400390625,26060.19921875,25975.599609375,75,1,25976.0,450,1,25975.5,75,25976.30078125,75,25974.5,75,25979.900390625,75,25973.80078125,300,25980.0,225,25973.69921875,75,25980.599609375,600
2025-12-29 12:50:22.773425,full,25975.900390625,3360225,11163750,75,26023.73046875,296175,423000,26080.0,26100.19921875,25972.400390625,26060.19921875,25975.80078125,75,1,25976.0,450,1,25975.69921875,150,25976.30078125,75,25975.5,150,25979.900390625,75,25973.900390625,300,25980.0,225,25973.69921875,375,25980.69921875,600
2025-12-29 12:50:23.463933,full,25975.900390625,3360225,11163750,75,26023.73046875,295425,422925,26080.0,26100.19921875,25972.400390625,26060.19921875,25975.80078125,75,1,25976.0,450,1,25975.69921875,150,25976.30078125,75,25975.5,150,25979.900390625,75,25973.900390625,300,25980.0,225,25973.69921875,225,25980.69921875,600
2025-12-29 12:50:24.391500,full,25975.80078125,3360750,11163750,150,26023.73046875,292650,423450,26080.0,26100.19921875,25972.400390625,26060.19921875,25975.69921875,150,1,25976.599609375,75,1,25975.5,75,25979.900390625,75,25974.69921875,75,25980.0,225,25973.69921875,450,25980.69921875,600,25973.599609375,450,25980.80078125,825
2025-12-29 12:50:25.073360,full,25975.80078125,3360750,11163750,150,26023.73046875,294000,423225,26080.0,26100.19921875,25972.400390625,26060.19921875,25975.900390625,75,1,25976.599609375,75,1,25975.69921875,150,25979.900390625,75,25975.5,75,25980.0,225,25974.69921875,75,25980.80078125,825,25973.80078125,300,25980.900390625,1275
2025-12-29 12:50:25.988540,full,25975.80078125,3360750,11163750,150,26023.73046875,293250,423000,26080.0,26100.19921875,25972.400390625,26060.19921875,25976.0,150,1,25976.599609375,75,1,25975.900390625,75,25979.30078125,75,25975.5,75,25979.900390625,75,25974.80078125,75,25980.0,225,25973.80078125,375,25980.69921875,600
2025-12-29 12:50:26.662676,full,25975.80078125,3360750,11163750,150,26023.73046875,292275,423000,26080.0,26100.19921875,25972.400390625,26060.19921875,25976.0,150,1,25976.099609375,75,1,25975.900390625,75,25976.400390625,75,25975.5,75,25979.30078125,75,25974.80078125,75,25979.900390625,75,25974.099609375,300,25980.0,225
2025-12-29 12:50:27.595227,full,25975.80078125,3360750,11163750,150,26023.73046875,290625,423000,26080.0,26100.19921875,25972.400390625,26060.19921875,25976.0,150,1,25976.099609375,75,1,25975.900390625,75,25976.400390625,75,25975.5,75,25979.099609375,75,25974.80078125,75,25979.900390625,75,25974.099609375,300,25980.0,225
2025-12-29 12:50:28.464886,full,25975.80078125,3360750,11163750,150,26023.73046875,290700,422400,26080.0,26100.19921875,25972.400390625,26060.19921875,25976.0,150,1,25976.099609375,75,1,25975.900390625,75,25976.400390625,75,25975.5,75,25979.099609375,75,25974.80078125,75,25979.900390625,75,25974.099609375,300,25980.0,225
2025-12-29 12:50:29.183633,full,25975.80078125,3360750,11163750,150,26023.73046875,289650,421800,26080.0,26100.19921875,25972.400390625,26060.19921875,25976.0,150,1,25976.099609375,150,2,25975.900390625,75,25976.400390625,75,25975.5,75,25979.099609375,75,25974.80078125,75,25979.900390625,75,25974.099609375,300,25980.0,225
2025-12-29 12:50:30.073552,full,25976.099609375,3360825,11163750,75,26023.720703125,289500,419400,26080.0,26100.19921875,25972.400390625,26060.19921875,25976.0,150,1,25976.099609375,75,1,25975.900390625,75,25976.400390625,75,25975.599609375,75,25979.099609375,75,25975.5,75,25979.900390625,75,25974.099609375,300,25980.0,225
2025-12-29 12:50:30.986245,full,25980.0,3361425,11163750,75,26023.720703125,290925,412350,26080.0,26100.19921875,25972.400390625,26060.19921875,25976.099609375,225,2,25980.5,75,1,25976.0,150,25980.900390625,75,25975.900390625,75,25981.0,75,25975.69921875,75,25981.5,600,25975.5,75,25981.599609375,525
2025-12-29 12:50:31.677328,full,25980.0,3361425,11163750,75,26023.720703125,292125,420225,26080.0,26100.19921875,25972.400390625,26060.19921875,25976.099609375,225,2,25980.5,75,1,25976.0,150,25980.900390625,75,25975.900390625,75,25981.0,75,25975.69921875,75,25981.5,525,25975.5,75,25981.599609375,525
2025-12-29 12:50:32.604257,full,25980.0,3361425,11163750,75,26023.720703125,293850,421350,26080.0,26100.19921875,25972.400390625,26060.19921875,25976.099609375,300,3,25977.900390625,75,1,25976.0,150,25980.5,75,25975.900390625,75,25980.900390625,75,25975.80078125,75,25981.0,75,25975.5,75,25981.5,525
2025-12-29 12:50:33.272998,full,25976.19921875,3361500,11163750,75,26023.720703125,293775,421500,26080.0,26100.19921875,25972.400390625,26060.19921875,25976.19921875,75,1,25977.69921875,75,1,25976.099609375,300,25979.69921875,150,25975.900390625,150,25980.0,75,25975.5,75,25980.5,75,25974.69921875,300,25980.900390625,75
2025-12-29 12:50:34.203350,full,25976.099609375,3362100,11163750,75,26023.7109375,298125,421650,26080.0,26100.19921875,25972.400390625,26060.19921875,25975.900390625,75,1,25976.099609375,75,1,25975.599609375,75,25976.400390625,75,25975.5,75,25979.69921875,150,25974.80078125,300,25980.0,75,25974.599609375,225,25980.5,75
2025-12-29 12:50:35.085446,full,25976.099609375,3362175,11163750,75,26023.7109375,293925,421425,26080.0,26100.19921875,25972.400390625,26060.19921875,25975.900390625,75,1,25977.5,75,1,25975.5,75,25979.69921875,150,25974.80078125,75,25980.0,75,25974.599609375,225,25980.5,75,25974.5,300,25980.900390625,75
2025-12-29 12:50:36.006150,full,25976.099609375,3362175,11163750,75,26023.7109375,291450,418350,26080.0,26100.19921875,25972.400390625,26060.19921875,25975.900390625,75,1,25977.19921875,75,1,25975.5,75,25979.69921875,150,25974.69921875,75,25980.0,75,25974.599609375,225,25980.19921875,75,25974.400390625,375,25980.5,75
2025-12-29 12:50:36.681334,full,25977.19921875,3362250,11163750,75,26023.7109375,292200,418875,26080.0,26100.19921875,25972.400390625,26060.19921875,25975.900390625,75,1,25978.099609375,75,1,25975.5,75,25979.69921875,150,25974.599609375,150,25980.0,75,25974.400390625,75,25980.19921875,75,25974.30078125,300,25980.5,75
2025-12-29 12:50:37.610392,full,25975.900390625,3362325,11163750,75,26023.69921875,295200,418500,26080.0,26100.19921875,25972.400390625,26060.19921875,25975.5,75,1,25978.19921875,75,1,25974.599609375,75,25979.69921875,150,25974.400390625,75,25980.0,75,25974.30078125,375,25980.19921875,75,25974.19921875,1500,25980.5,75
2025-12-29 12:50:38.278478,full,25975.5,3362625,11163750,75,26023.69921875,298425,417675,26080.0,26100.19921875,25972.400390625,26060.19921875,25974.599609375,75,1,25980.0,75,1,25974.400390625,75,25980.19921875,75,25974.30078125,600,25980.5,75,25974.19921875,2025,25980.900390625,75,25974.099609375,1650,25981.0,75
2025-12-29 12:50:39.212701,full,25975.5,3362625,11163750,75,26023.69921875,300225,418200,26080.0,26100.19921875,25972.400390625,26060.19921875,25974.599609375,75,1,25979.0,75,1,25974.400390625,225,25980.0,75,25974.30078125,600,25980.5,150,25974.19921875,1875,25980.900390625,75,25974.099609375,1800,25981.0,75
2025-12-29 12:50:40.080606,full,25975.5,3362625,11163750,75,26023.69921875,300150,418875,26080.0,26100.19921875,25972.400390625,26060.19921875,25974.599609375,225,2,25978.19921875,75,1,25974.400390625,225,25979.0,75,25974.30078125,450,25980.0,75,25974.19921875,1350,25980.5,150,25974.099609375,1500,25980.900390625,75
2025-12-29 12:50:40.814802,full,25975.5,3362625,11163750,75,26023.69921875,300150,418950,26080.0,26100.19921875,25972.400390625,26060.19921875,25974.599609375,225,2,25977.900390625,75,1,25974.400390625,225,25979.0,75,25974.30078125,450,25980.0,75,25974.19921875,1350,25980.30078125,75,25974.099609375,1350,25980.5,75
2025-12-29 12:50:41.692614,full,25975.5,3362625,11163750,75,26023.69921875,300150,417675,26080.0,26100.19921875,25972.400390625,26060.19921875,25974.599609375,225,2,25978.099609375,75,1,25974.400390625,375,25979.0,75,25974.30078125,375,25980.0,75,25974.19921875,1350,25980.30078125,75,25974.099609375,1275,25980.5,75
2025-12-29 12:50:42.416862,full,25975.5,3362625,11163750,75,26023.69921875,282600,421350,26080.0,26100.19921875,25972.400390625,26060.19921875,25974.19921875,150,1,25977.69921875,75,1,25974.0,150,25979.0,75,25973.599609375,75,25980.0,75,25973.5,375,25980.19921875,75,25973.400390625,600,25980.400390625,600
2025-12-29 12:50:43.284461,full,25975.5,3362625,11163750,75,26023.69921875,292200,422025,26080.0,26100.19921875,25972.400390625,26060.19921875,25974.19921875,150,1,25974.30078125,75,1,25974.0,75,25975.19921875,75,25973.400390625,75,25979.0,75,25973.30078125,75,25979.900390625,600,25973.19921875,450,25980.0,75
2025-12-29 12:50:44.214825,full,25974.30078125,3362700,11163750,75,26023.69921875,292875,421875,26080.0,26100.19921875,25972.400390625,26060.19921875,25974.0,75,1,25975.099609375,75,1,25973.400390625,75,25977.30078125,75,25973.30078125,75,25979.0,75,25973.19921875,750,25979.900390625,600,25973.099609375,450,25980.0,675
2025-12-29 12:50:44.895757,full,25974.30078125,3362700,11163750,75,26023.69921875,290250,421950,26080.0,26100.19921875,25972.400390625,26060.19921875,25974.0,75,1,25975.099609375,75,1,25973.30078125,75,25977.30078125,75,25973.099609375,450,25979.0,75,25973.0,375,25979.900390625,600,25972.900390625,150,25980.0,675
2025-12-29 12:50:45.820841,full,25975.099609375,3363150,11163750,75,26023.689453125,285150,424275,26080.0,26100.19921875,25972.400390625,26060.19921875,25972.599609375,75,1,25976.19921875,75,1,25972.5,75,25977.19921875,75,25972.400390625,75,25978.900390625,600,25972.30078125,300,25979.0,75,25972.19921875,600,25979.30078125,600
2025-12-29 12:50:46.701069,full,25974.19921875,3363675,11163750,75,26023.6796875,290025,423300,26080.0,26100.19921875,25972.400390625,26060.19921875,25972.599609375,75,1,25977.19921875,75,1,25972.5,75,25978.5,225,25972.400390625,75,25979.400390625,525,25972.30078125,300,25979.5,600,25972.19921875,675,25979.599609375,750
2025-12-29 12:50:47.410423,full,25974.19921875,3363675,11163750,75,26023.6796875,291825,423675,26080.0,26100.19921875,25972.400390625,26060.19921875,25972.599609375,75,1,25978.400390625,150,2,25972.5,75,25978.5,150,25972.400390625,75,25978.69921875,75,25972.30078125,450,25979.400390625,525,25972.19921875,600,25979.5,1200
2025-12-29 12:50:48.299623,full,25974.19921875,3363675,11163750,75,26023.6796875,298125,420825,26080.0,26100.19921875,25972.400390625,26060.19921875,25974.599609375,150,1,25976.80078125,75,1,25973.30078125,75,25978.69921875,75,25972.599609375,225,25979.400390625,525,25972.5,75,25979.5,1125,25972.400390625,150,25979.599609375,750
2025-12-29 12:50:49.225694,full,25974.599609375,3363825,11163750,75,26023.6796875,297825,422700,26080.0,26100.19921875,25972.400390625,26060.19921875,25974.599609375,75,1,25976.69921875,75,1,25973.400390625,75,25978.900390625,75,25972.599609375,225,25979.30078125,600,25972.5,75,25979.400390625,1125,25972.400390625,150,25979.5,525
2025-12-29 12:50:49.903334,full,25974.599609375,3363825,11163750,75,26023.6796875,295125,424800,26080.0,26100.19921875,25972.400390625,26060.19921875,25974.599609375,150,2,25976.30078125,75,1,25973.30078125,75,25978.900390625,75,25972.599609375,150,25979.30078125,600,25972.400390625,75,25979.400390625,1125,25972.30078125,525,25979.5,600
2025-12-29 12:50:50.828137,full,25974.599609375,3363825,11163750,75,26023.6796875,294300,424050,26080.0,26100.19921875,25972.400390625,26060.19921875,25974.599609375,150,2,25976.400390625,75,1,25973.400390625,75,25978.30078125,75,25972.599609375,150,25979.30078125,600,25972.400390625,75,25979.400390625,1125,25972.30078125,375,25979.5,600
2025-12-29 12:50:51.702293,full,25976.400390625,3363900,11163750,75,26023.6796875,296175,424350,26080.0,26100.19921875,25972.400390625,26060.19921875,25974.599609375,75,1,25976.400390625,75,1,25973.400390625,75,25978.30078125,75,25972.599609375,75,25979.400390625,525,25972.400390625,150,25979.5,600,25972.30078125,525,25979.599609375,300
2025-12-29 12:50:52.430460,full,25976.400390625,3363900,11163750,75,26023.6796875,296250,422850,26080.0,26100.19921875,25972.400390625,26060.19921875,25974.599609375,75,1,25974.69921875,225,3,25972.80078125,75,25975.599609375,75,25972.599609375,75,25978.5,75,25972.5,375,25979.30078125,600,25972.400390625,75,25979.400390625,1125
2025-12-29 12:50:53.300988,full,25974.69921875,3363975,11163750,75,26023.6796875,293250,423825,26080.0,26100.19921875,25972.400390625,26060.19921875,25974.599609375,75,1,25974.69921875,150,2,25972.599609375,375,25975.599609375,75,25972.5,75,25978.5,75,25972.400390625,150,25979.400390625,525,25972.30078125,525,25979.5,600
2025-12-29 12:50:54.232147,full,25974.69921875,3363975,11163750,75,26023.6796875,293250,423900,26080.0,26100.19921875,25972.400390625,26060.19921875,25974.599609375,75,1,25974.69921875,150,2,25972.599609375,75,25975.599609375,75,25972.5,375,25977.69921875,75,25972.400390625,150,25979.400390625,1125,25972.30078125,525,25979.5,1200
2025-12-29 12:50:54.915287,full,25974.69921875,3363975,11163750,75,26023.6796875,292725,423675,26080.0,26100.19921875,25972.400390625,26060.19921875,25974.599609375,75,1,25974.69921875,150,2,25973.30078125,75,25975.599609375,75,25972.599609375,75,25977.69921875,75,25972.5,375,25979.30078125,600,25972.400390625,225,25979.400390625,1125
2025-12-29 12:50:55.833014,full,25972.5,3364500,11163750,75,26023.669921875,296775,424950,26080.0,26100.19921875,25972.400390625,26060.19921875,25972.5,75,1,25976.0,75,1,25972.400390625,225,25977.69921875,75,25972.30078125,375,25979.400390625,1125,25972.19921875,450,25979.5,1200,25972.099609375,1725,25979.599609375,300
2025-12-29 12:50:56.516592,full,25976.0,3364575,11163750,75,26023.669921875,296400,425325,26080.0,26100.19921875,25972.400390625,26060.19921875,25972.5,75,1,25976.19921875,75,1,25972.400390625,225,25977.69921875,75,25972.30078125,225,25979.30078125,600,25972.19921875,300,25979.400390625,1125,25972.099609375,1275,25979.5,600
2025-12-29 12:50:57.442360,full,25976.0,3364575,11163750,75,26023.669921875,294825,425925,26080.0,26100.19921875,25972.400390625,26060.19921875,25972.80078125,150,2,25976.19921875,75,1,25972.400390625,225,25978.30078125,75,25972.30078125,225,25979.400390625,525,25972.19921875,150,25979.5,1200,25972.099609375,1050,25979.599609375,900
2025-12-29 12:50:58.317273,full,25976.0,3364575,11163750,75,26023.669921875,292950,425850,26080.0,26100.19921875,25972.400390625,26060.19921875,25973.099609375,75,1,25975.69921875,75,1,25972.80078125,75,25978.30078125,75,25972.400390625,225,25979.30078125,600,25972.30078125,225,25979.400390625,1200,25972.19921875,150,25979.5,525
2025-12-29 12:50:59.042620,full,25976.19921875,3365175,11163750,75,26023.66015625,285150,428400,26080.0,26100.19921875,25972.400390625,26060.19921875,25972.0,525,6,25977.80078125,225,2,25971.900390625,150,25979.0,600,25971.80078125,300,25979.099609375,825,25971.69921875,675,25979.19921875,75,25971.599609375,300,25979.30078125,300
2025-12-29 12:50:59.929883,full,25972.0,3365775,11163750,75,26023.650390625,291525,428625,26080.0,26100.19921875,25972.0,26060.19921875,25971.900390625,300,2,25976.400390625,75,1,25971.80078125,150,25977.69921875,150,25971.69921875,600,25977.80078125,75,25971.599609375,600,25979.0,675,25971.5,1125,25979.099609375,825
2025-12-29 12:51:00.836179,full,25973.30078125,3366225,11163750,75,26023.650390625,289350,426600,26080.0,26100.19921875,25971.69921875,26060.19921875,25971.599609375,75,1,25976.400390625,75,1,25971.5,375,25977.900390625,150,25971.400390625,225,25978.19921875,150,25971.30078125,750,25978.400390625,600,25971.19921875,675,25978.5,675
2025-12-29 12:51:01.524975,full,25971.5,3366600,11163750,300,26023.640625,293925,426150,26080.0,26100.19921875,25971.5,26060.19921875,25971.400390625,75,1,25974.80078125,75,1,25971.30078125,825,25977.900390625,150,25971.19921875,675,25978.099609375,600,25971.099609375,1875,25978.19921875,150,25971.0,1500,25978.400390625,600
2025-12-29 12:51:02.437187,full,25971.5,3366600,11163750,300,26023.640625,300000,424725,26080.0,26100.19921875,25971.5,26060.19921875,25973.19921875,75,1,25975.099609375,75,1,25971.400390625,150,25977.0,75,25971.30078125,1125,25977.900390625,150,25971.19921875,1650,25978.19921875,150,25971.099609375,1575,25978.5,600
2025-12-29 12:51:03.319446,full,25972.0,3367050,11163750,75,26023.630859375,300525,423375,26080.0,26100.19921875,25971.5,26060.19921875,25972.0,150,2,25974.69921875,525,1,25971.69921875,150,25975.5,75,25971.599609375,150,25977.0,75,25971.5,300,25978.19921875,150,25971.400390625,750,25978.599609375,525
2025-12-29 12:51:04.050034,full,25972.19921875,3367200,11163750,75,26023.630859375,301650,418875,26080.0,26100.19921875,25971.5,26060.19921875,25973.099609375,75,1,25974.69921875,525,1,25972.19921875,150,25975.599609375,75,25972.0,525,25977.599609375,75,25971.900390625,75,25978.19921875,150,25971.80078125,375,25978.900390625,600
2025-12-29 12:51:04.919395,full,25974.69921875,3367275,11163750,75,26023.630859375,300825,420225,26080.0,26100.19921875,25971.5,26060.19921875,25972.099609375,375,5,25974.69921875,450,1,25972.0,375,25975.5,75,25971.900390625,150,25977.599609375,75,25971.80078125,375,25978.19921875,150,25971.69921875,1350,25978.900390625,600
2025-12-29 12:51:05.641857,full,25974.69921875,3367275,11163750,75,26023.630859375,301200,420600,26080.0,26100.19921875,25971.5,26060.19921875,25972.19921875,300,4,25974.69921875,450,1,25972.099609375,75,25975.599609375,75,25972.0,375,25977.599609375,75,25971.900390625,300,25978.19921875,150,25971.80078125,300,25978.900390625,600
2025-12-29 12:51:06.520412,full,25973.0,3367725,11163750,75,26023.619140625,301950,420300,26080.0,26100.19921875,25971.5,26060.19921875,25973.0,75,1,25974.69921875,450,1,25972.0,375,25977.5,75,25971.900390625,300,25977.599609375,75,25971.80078125,600,25978.19921875,150,25971.69921875,2175,25979.0,600
2025-12-29 12:51:07.444223,full,25973.0,3367725,11163750,75,26023.619140625,297300,421125,26080.0,26100.19921875,25971.5,26060.19921875,25973.0,75,1,25974.69921875,450,1,25972.0,750,25975.599609375,75,25971.900390625,300,25977.5,75,25971.80078125,675,25977.599609375,75,25971.69921875,750,25978.19921875,150
2025-12-29 12:51:08.120167,full,25973.0,3367725,11163750,75,26023.619140625,296100,421275,26080.0,26100.19921875,25971.5,26060.19921875,25973.0,75,1,25974.69921875,450,1,25972.0,750,25975.400390625,75,25971.900390625,150,25977.5,75,25971.80078125,375,25977.599609375,75,25971.69921875,825,25978.19921875,150
2025-12-29 12:51:09.052473,full,25974.69921875,3367875,11163750,75,26023.619140625,302775,418875,26080.0,26100.19921875,25971.5,26060.19921875,25972.5,300,4,25974.69921875,375,1,25972.30078125,150,25975.599609375,75,25972.19921875,225,25977.5,75,25972.099609375,300,25977.69921875,75,25972.0,1050,25978.19921875,150
2025-12-29 12:51:09.938101,full,25974.69921875,3367875,11163750,75,26023.619140625,304575,419025,26080.0,26100.19921875,25971.5,26060.19921875,25972.5,300,4,25974.69921875,375,1,25972.19921875,375,25975.599609375,75,25972.099609375,450,25977.5,75,25972.0,1800,25977.69921875,75,25971.900390625,1275,25978.19921875,150
2025-12-29 12:51:10.653105,full,25974.69921875,3367950,11163750,75,26023.619140625,303600,420075,26080.0,26100.19921875,25971.5,26060.19921875,25973.19921875,150,2,25974.69921875,300,1,25972.400390625,300,25975.599609375,75,25972.19921875,525,25977.5,75,25972.099609375,375,25977.69921875,75,25972.0,1650,25978.19921875,150
2025-12-29 12:51:11.535691,full,25973.19921875,3368100,11163750,75,26023.619140625,303525,420000,26080.0,26100.19921875,25971.5,26060.19921875,25972.400390625,300,4,25974.69921875,300,1,25972.19921875,525,25975.599609375,75,25972.099609375,375,25977.5,75,25972.0,1575,25977.69921875,75,25971.900390625,1500,25979.400390625,600
2025-12-29 12:51:12.253460,full,25973.19921875,3368100,11163750,75,26023.619140625,303675,421200,26080.0,26100.19921875,25971.5,26060.19921875,25972.400390625,300,4,25974.69921875,300,1,25972.19921875,525,25975.599609375,75,25972.099609375,225,25977.5,75,25972.0,1650,25977.69921875,75,25971.900390625,1350,25979.400390625,600
2025-12-29 12:51:13.136195,full,25972.5,3368250,11163750,75,26023.619140625,303900,421275,26080.0,26100.19921875,25971.5,26060.19921875,25972.5,300,4,25974.69921875,300,1,25972.30078125,150,25975.599609375,75,25972.19921875,375,25977.5,75,25972.099609375,225,25977.69921875,75,25972.0,1950,25979.400390625,600
2025-12-29 12:51:13.849375,full,25972.5,3368250,11163750,75,26023.619140625,298350,421275,26080.0,26100.19921875,25971.5,26060.19921875,25972.5,300,4,25974.69921875,300,1,25972.30078125,150,25975.599609375,75,25972.19921875,375,25977.5,75,25972.099609375,225,25977.69921875,75,25972.0,1800,25979.400390625,600
2025-12-29 12:51:14.738388,full,25972.5,3368250,11163750,75,26023.619140625,292575,423375,26080.0,26100.19921875,25971.5,26060.19921875,25972.099609375,375,5,25974.69921875,300,1,25972.0,675,25975.599609375,75,25971.900390625,600,25977.5,75,25971.80078125,150,25977.69921875,75,25971.69921875,525,25979.30078125,750
2025-12-29 12:51:15.652820,full,25972.5,3368250,11163750,75,26023.619140625,297075,423150,26080.0,26100.19921875,25971.5,26060.19921875,25972.19921875,300,4,25974.69921875,300,1,25972.099609375,75,25975.599609375,75,25972.0,825,25977.5,75,25971.900390625,450,25977.69921875,75,25971.80078125,525,25979.30078125,825
2025-12-29 12:51:16.531249,full,25972.5,3368250,11163750,75,26023.619140625,298275,423150,26080.0,26100.19921875,25971.5,26060.19921875,25972.30078125,300,4,25974.69921875,300,1,25972.099609375,375,25975.599609375,75,25972.0,525,25977.5,75,25971.900390625,975,25977.69921875,75,25971.80078125,900,25979.30078125,825
2025-12-29 12:51:17.260029,full,25972.5,3368325,11163750,75,26023.609375,297750,423075,26080.0,26100.19921875,25971.5,26060.19921875,25972.19921875,300,4,25974.69921875,300,1,25972.099609375,225,25975.400390625,75,25972.0,450,25977.5,75,25971.900390625,750,25977.69921875,75,25971.80078125,975,25979.30078125,675
